市场代码,证券代码,时间,最新价,成交笔数,成交额,成交量,方向,买一价,买二价,买三价,买四价,买五价,卖一价,卖二价,卖三价,卖四价,卖五价,买一量,买二量,买三量,买四量,买五量,卖一量,卖二量,卖三量,卖四量,卖五量
SZ,300446,2017-12-29 09:25:03,21.5800,1,2158.0000,1,S,21.4900,21.4100,21.3200,21.3100,21.2700,21.6000,21.6800,21.6900,21.7800,21.7900,9,1,11,12,1,9,5,13,1,5
SZ,300446,2017-12-29 09:31:12,21.5000,1,21500.0000,10,S,21.5000,21.4900,21.4500,21.4400,21.4100,21.5700,21.5800,21.5900,21.6100,21.6200,1,9,10,31,31,3,19,28,8,14
SZ,300446,2017-12-29 09:31:21,21.4400,5,49373.0000,23,S,21.4400,21.4100,21.3600,21.3500,21.3300,21.5000,21.5700,21.5800,21.5900,21.6100,28,31,1,83,80,10,3,9,28,8
SZ,300446,2017-12-29 09:31:36,21.5000,1,21500.0000,10,B,21.5000,21.4400,21.4100,21.3600,21.3500,21.5700,21.5800,21.5900,21.6100,21.6200,20,28,1,1,83,3,24,28,8,14
SZ,300446,2017-12-29 09:31:51,21.5000,1,12900.0000,6,S,21.5000,21.4500,21.4400,21.4100,21.3600,21.5700,21.5800,21.5900,21.6100,21.6300,14,30,34,1,6,3,24,28,8,8
SZ,300446,2017-12-29 09:32:15,21.5000,1,17200.0000,8,S,21.5000,21.4500,21.4400,21.4100,21.3600,21.5700,21.5800,21.5900,21.6100,21.6300,6,30,34,1,14,13,18,28,8,8
SZ,300446,2017-12-29 09:32:48,21.5200,1,15064.0000,7,S,21.5200,21.5000,21.4500,21.4400,21.4100,21.5600,21.5700,21.5800,21.5900,21.6100,33,6,30,34,1,14,13,21,8,8
SZ,300446,2017-12-29 09:32:51,21.5200,1,8608.0000,4,S,21.5200,21.5000,21.4600,21.4500,21.4400,21.5600,21.5700,21.5800,21.5900,21.6100,29,6,3,30,34,14,13,18,8,8
SZ,300446,2017-12-29 09:33:00,21.5600,1,2156.0000,1,B,21.5200,21.5000,21.4600,21.4500,21.4400,21.5600,21.5700,21.5800,21.5900,21.6100,29,11,3,30,34,13,13,18,8,8
SZ,300446,2017-12-29 09:33:36,21.5500,1,25860.0000,12,B,21.5200,21.5000,21.4600,21.4500,21.4400,21.5500,21.5600,21.5700,21.5800,21.5900,44,11,51,30,34,8,13,13,3,8
SZ,300446,2017-12-29 09:33:45,21.5500,1,10775.0000,5,B,21.5200,21.5000,21.4600,21.4500,21.4400,21.5500,21.5600,21.5700,21.5800,21.5900,44,5,51,30,34,3,13,13,3,8
SZ,300446,2017-12-29 09:33:48,21.5200,1,19368.0000,9,S,21.5200,21.5000,21.4600,21.4500,21.4400,21.5500,21.5600,21.5700,21.5800,21.5900,35,5,51,30,34,3,13,13,3,8
SZ,300446,2017-12-29 09:33:51,21.5500,1,6465.0000,3,B,21.5500,21.5200,21.5000,21.4600,21.4500,21.5600,21.5700,21.5800,21.5900,21.6600,3,35,5,51,30,13,13,3,8,2
SZ,300446,2017-12-29 09:34:06,21.5500,2,8621.0000,4,S,21.5200,21.5000,21.4600,21.4500,21.4400,21.5500,21.5600,21.5700,21.5800,21.5900,30,5,51,30,28,2,12,13,3,8
SZ,300446,2017-12-29 09:34:33,21.5500,1,4310.0000,2,B,21.5500,21.5300,21.5200,21.5000,21.4600,21.5600,21.5700,21.5800,21.5900,21.6600,3,17,30,25,51,12,13,3,8,2
SZ,300446,2017-12-29 09:34:45,21.5500,1,6465.0000,3,S,21.5300,21.5200,21.5000,21.4600,21.4500,21.5500,21.5600,21.5700,21.5800,21.5900,17,30,25,51,30,7,12,13,3,8
SZ,300446,2017-12-29 09:34:48,21.5300,2,27993.0000,13,S,21.5300,21.5200,21.5000,21.4600,21.4500,21.5500,21.5600,21.5700,21.5800,21.5900,6,30,25,51,30,5,12,13,3,8
SZ,300446,2017-12-29 09:34:51,21.5600,2,34491.0000,16,B,21.5300,21.5200,21.5000,21.4600,21.4500,21.5600,21.5700,21.5800,21.5900,21.6600,6,30,25,51,30,1,13,3,8,2
SZ,300446,2017-12-29 09:35:36,21.5500,1,10775.0000,5,B,21.5300,21.5200,21.5000,21.4600,21.4500,21.5500,21.5600,21.5700,21.5800,21.5900,6,30,25,56,30,9,11,13,3,8
SZ,300446,2017-12-29 09:35:51,21.5300,1,8612.0000,4,S,21.5300,21.5200,21.5000,21.4600,21.4500,21.5600,21.5700,21.5800,21.5900,21.6500,2,30,25,56,30,11,13,3,8,5
SZ,300446,2017-12-29 09:36:03,21.5200,2,27978.0000,13,S,21.5200,21.5000,21.4600,21.4500,21.4100,21.5600,21.5700,21.5800,21.5900,21.6500,19,25,51,30,1,11,13,3,8,5
SZ,300446,2017-12-29 09:36:51,21.5200,2,10760.0000,5,S,21.5200,21.5000,21.4600,21.4500,21.4100,21.5500,21.5600,21.5700,21.5800,21.5900,17,30,51,30,1,6,1,3,3,8
SZ,300446,2017-12-29 09:37:21,21.5500,3,17240.0000,8,B,21.5500,21.5200,21.5000,21.4600,21.4500,21.5600,21.5700,21.5800,21.5900,21.6400,14,17,30,51,30,1,3,3,8,22
SZ,300446,2017-12-29 09:37:24,21.5500,1,2155.0000,1,S,21.5500,21.5200,21.5000,21.4600,21.4500,21.5600,21.5700,21.5800,21.5900,21.6400,13,17,30,51,30,1,3,3,8,22
SZ,300446,2017-12-29 09:37:51,21.5200,2,12912.0000,6,S,21.5200,21.5000,21.4600,21.4500,21.4100,21.5600,21.5700,21.5800,21.5900,21.6400,8,30,61,30,1,1,3,4,8,22
SZ,300446,2017-12-29 09:37:57,21.5600,1,2156.0000,1,B,21.5600,21.5200,21.5000,21.4600,21.4500,21.5700,21.5800,21.5900,21.6400,21.6500,2,18,30,61,30,3,4,8,22,5
SZ,300446,2017-12-29 09:38:42,21.5600,1,4312.0000,2,S,21.5200,21.5000,21.4600,21.4500,21.4100,21.5600,21.5700,21.5800,21.5900,21.6400,18,30,61,30,1,4,3,4,8,2
SZ,300446,2017-12-29 09:38:51,21.5200,2,19368.0000,9,S,21.5200,21.5000,21.4600,21.4500,21.4100,21.5600,21.5700,21.5800,21.5900,21.6400,9,30,61,30,1,4,3,4,8,2
SZ,300446,2017-12-29 09:39:03,21.5200,1,10760.0000,5,S,21.5200,21.5000,21.4600,21.4500,21.4100,21.5600,21.5700,21.5800,21.5900,21.6400,4,30,61,30,1,4,3,4,8,2
SZ,300446,2017-12-29 09:39:42,21.5600,1,8624.0000,4,B,21.5600,21.5400,21.5300,21.5200,21.5000,21.5700,21.5800,21.5900,21.6400,21.6500,12,5,28,10,30,3,3,8,2,5
SZ,300446,2017-12-29 09:39:51,21.5400,1,10770.0000,5,S,21.5300,21.5200,21.5000,21.4600,21.4500,21.5400,21.5700,21.5800,21.5900,21.6400,28,10,30,61,30,12,3,4,8,2
SZ,300446,2017-12-29 09:40:03,21.5400,2,21540.0000,10,B,21.5300,21.5200,21.5000,21.4600,21.4500,21.5400,21.5700,21.5800,21.5900,21.6400,28,10,30,61,30,2,3,4,8,2
SZ,300446,2017-12-29 09:40:24,21.5400,1,4308.0000,2,B,21.5300,21.5200,21.5000,21.4600,21.4500,21.5700,21.5800,21.5900,21.6500,21.6800,32,10,30,61,30,3,4,8,5,23
SZ,300446,2017-12-29 09:40:30,21.5700,1,2157.0000,1,B,21.5400,21.5300,21.5200,21.5000,21.4600,21.5700,21.5800,21.5900,21.6500,21.6800,4,32,10,30,61,2,4,8,5,23
SZ,300446,2017-12-29 09:40:39,21.5400,1,8616.0000,4,S,21.5300,21.5200,21.5000,21.4600,21.4500,21.5400,21.5700,21.5800,21.5900,21.6500,32,10,30,61,30,2,3,4,8,5
SZ,300446,2017-12-29 09:40:51,21.5300,1,32295.0000,15,S,21.5300,21.5200,21.5000,21.4600,21.4500,21.5400,21.5700,21.5800,21.5900,21.6500,17,10,30,61,30,2,3,4,8,5
SZ,300446,2017-12-29 09:41:00,21.5400,1,4308.0000,2,B,21.5300,21.5200,21.5000,21.4600,21.4500,21.5700,21.5800,21.5900,21.6500,21.6700,17,10,30,61,30,3,4,8,5,2
SZ,300446,2017-12-29 09:41:39,21.5700,5,60395.0000,28,B,21.5700,21.5400,21.5300,21.5200,21.5000,21.5800,21.6500,21.6700,21.6800,21.6900,31,3,17,10,30,3,5,2,23,3
SZ,300446,2017-12-29 09:41:48,21.5700,1,36669.0000,17,S,21.5700,21.5400,21.5300,21.5200,21.5000,21.5800,21.6200,21.6500,21.6700,21.6800,34,3,17,10,30,3,8,5,2,23
SZ,300446,2017-12-29 09:42:30,21.5800,2,6474.0000,3,B,21.5800,21.5700,21.5400,21.5300,21.5200,21.6200,21.6500,21.6600,21.6700,21.6800,19,32,3,17,10,8,5,6,2,18
SZ,300446,2017-12-29 09:42:48,21.6200,2,21620.0000,10,B,21.5800,21.5700,21.5400,21.5300,21.5200,21.6100,21.6500,21.6600,21.6700,21.6800,19,32,3,17,10,18,5,6,2,24
SZ,300446,2017-12-29 09:42:51,21.5800,1,12948.0000,6,S,21.5800,21.5700,21.5400,21.5300,21.5200,21.6100,21.6500,21.6600,21.6700,21.6800,13,32,3,17,10,18,5,6,2,24
SZ,300446,2017-12-29 09:43:51,21.5800,2,32374.0000,15,S,21.5700,21.5500,21.5400,21.5300,21.5200,21.5800,21.6100,21.6500,21.6600,21.6700,18,8,8,22,15,2,18,28,6,13
SZ,300446,2017-12-29 09:44:18,21.5800,1,2158.0000,1,B,21.5700,21.5500,21.5400,21.5300,21.5200,21.5800,21.6100,21.6500,21.6600,21.6700,18,13,8,22,15,1,18,5,6,13
SZ,300446,2017-12-29 09:44:21,21.5500,2,49601.0000,23,S,21.5500,21.5400,21.5300,21.5200,21.5100,21.5800,21.6100,21.6500,21.6600,21.6700,8,8,22,15,31,1,18,5,6,13
SZ,300446,2017-12-29 09:44:27,21.5800,1,2158.0000,1,B,21.5800,21.5500,21.5400,21.5300,21.5200,21.6100,21.6500,21.6600,21.6700,21.6800,86,8,8,22,15,18,5,6,13,24
SZ,300446,2017-12-29 09:44:36,21.5800,1,135954.0000,63,S,21.5800,21.5500,21.5400,21.5300,21.5200,21.6100,21.6500,21.6600,21.6700,21.6800,28,8,7,22,15,18,5,6,13,24
SZ,300446,2017-12-29 09:44:39,21.5800,1,17264.0000,8,S,21.5800,21.5500,21.5400,21.5300,21.5200,21.6000,21.6100,21.6500,21.6600,21.6700,20,8,7,22,15,20,18,5,6,13
SZ,300446,2017-12-29 09:44:48,21.5800,2,43160.0000,20,S,21.5500,21.5400,21.5300,21.5200,21.5100,21.5800,21.6000,21.6100,21.6500,21.6600,18,7,22,15,31,22,20,18,5,6
SZ,300446,2017-12-29 09:44:51,21.5500,3,34480.0000,16,S,21.5500,21.5400,21.5300,21.5200,21.5100,21.5800,21.6000,21.6100,21.6500,21.6600,2,7,22,15,31,22,20,18,5,6
SZ,300446,2017-12-29 09:45:36,21.5500,3,17240.0000,8,S,21.5500,21.5400,21.5300,21.5200,21.5100,21.6100,21.6500,21.6600,21.6700,21.6800,179,10,25,15,31,18,5,6,13,24
SZ,300446,2017-12-29 09:45:39,21.6100,1,6483.0000,3,B,21.5500,21.5400,21.5300,21.5200,21.5100,21.6000,21.6100,21.6500,21.6600,21.6700,179,10,25,15,31,14,15,5,6,13
SZ,300446,2017-12-29 09:45:51,21.6000,2,53920.0000,25,B,21.5500,21.5400,21.5300,21.5200,21.5100,21.6000,21.6100,21.6500,21.6600,21.6700,163,10,25,15,31,5,15,5,6,13
SZ,300446,2017-12-29 09:46:03,21.6000,1,10800.0000,5,B,21.5500,21.5400,21.5300,21.5200,21.5100,21.6100,21.6500,21.6600,21.6700,21.6800,163,5,12,15,31,15,5,6,13,24
SZ,300446,2017-12-29 09:46:30,21.6100,1,4322.0000,2,B,21.5600,21.5500,21.5400,21.5300,21.5200,21.6100,21.6500,21.6600,21.6700,21.6800,25,166,8,12,15,13,5,6,13,24
SZ,300446,2017-12-29 09:46:33,21.6100,1,28093.0000,13,B,21.6100,21.5600,21.5500,21.5400,21.5300,21.6500,21.6600,21.6700,21.6800,21.6900,87,25,166,8,12,5,6,13,24,3
SZ,300446,2017-12-29 09:46:51,21.6100,1,2161.0000,1,S,21.6200,21.6100,21.5600,21.5500,21.5400,21.6500,21.6600,21.6700,21.6800,21.6900,80,166,12,166,8,5,6,13,24,3
SZ,300446,2017-12-29 09:47:03,21.6500,2,17320.0000,8,B,21.6500,21.6200,21.6100,21.5600,21.5500,21.6600,21.6700,21.6800,21.6900,21.7000,5,80,166,12,166,6,13,24,8,2
SZ,300446,2017-12-29 09:47:15,21.6800,5,56349.0000,26,B,21.6800,21.6500,21.6100,21.5600,21.5500,21.6900,21.7000,21.7100,21.7200,21.7500,46,5,166,12,166,8,2,27,45,4
SZ,300446,2017-12-29 09:47:24,21.6800,2,73714.0000,34,S,21.6800,21.6500,21.6100,21.5600,21.5500,21.6900,21.7000,21.7100,21.7200,21.7500,14,18,166,17,167,6,2,27,45,4
SZ,300446,2017-12-29 09:47:30,21.6800,1,17344.0000,8,S,21.6800,21.6500,21.6100,21.5600,21.5500,21.6900,21.7000,21.7100,21.7200,21.7500,6,18,166,17,167,6,2,27,45,4
SZ,300446,2017-12-29 09:47:33,21.6800,1,8672.0000,4,S,21.6800,21.6500,21.6100,21.5600,21.5500,21.6900,21.7000,21.7100,21.7200,21.7500,2,18,166,17,167,6,2,27,45,4
SZ,300446,2017-12-29 09:47:45,21.6800,2,15176.0000,7,S,21.6500,21.6100,21.5600,21.5500,21.5400,21.6800,21.6900,21.7000,21.7100,21.7200,18,166,17,167,8,6,6,5,27,45
SZ,300446,2017-12-29 09:47:48,21.6500,1,2165.0000,1,S,21.6500,21.6100,21.5600,21.5500,21.5400,21.6800,21.6900,21.7000,21.7100,21.7200,17,166,17,167,8,6,6,5,27,45
SZ,300446,2017-12-29 09:47:54,21.6800,1,6504.0000,3,B,21.6500,21.6100,21.5600,21.5500,21.5400,21.6800,21.6900,21.7000,21.7100,21.7200,4,166,17,167,8,3,6,5,27,45
SZ,300446,2017-12-29 09:47:57,21.6500,1,2165.0000,1,S,21.6500,21.6100,21.5600,21.5500,21.5400,21.6800,21.6900,21.7000,21.7100,21.7200,9,166,17,167,8,3,6,5,27,45
SZ,300446,2017-12-29 09:48:30,21.6700,1,10835.0000,5,B,21.6600,21.6500,21.6100,21.5600,21.5500,21.6700,21.6800,21.6900,21.7000,21.7100,50,3,166,17,167,3,22,6,7,27
SZ,300446,2017-12-29 09:48:39,21.6700,1,6501.0000,3,B,21.6700,21.6600,21.6500,21.6100,21.5600,21.6800,21.6900,21.7000,21.7100,21.7200,2,50,3,166,17,22,6,7,27,45
SZ,300446,2017-12-29 09:48:48,21.6700,1,4334.0000,2,S,21.6600,21.6500,21.6100,21.5600,21.5500,21.6700,21.6800,21.6900,21.7000,21.7100,52,3,166,17,167,1,22,6,7,27
SZ,300446,2017-12-29 09:48:51,21.6800,5,52009.0000,24,B,21.6600,21.6500,21.6100,21.5600,21.5500,21.6800,21.6900,21.7000,21.7100,21.7200,41,3,166,17,167,10,6,4,27,45
SZ,300446,2017-12-29 09:49:30,21.6600,1,56316.0000,26,S,21.6600,21.6500,21.6100,21.5700,21.5600,21.6800,21.6900,21.7000,21.7100,21.7200,15,23,166,1,5,10,6,20,27,45
SZ,300446,2017-12-29 09:49:48,21.6600,1,8664.0000,4,S,21.6600,21.6500,21.6200,21.6100,21.5700,21.6700,21.6800,21.6900,21.7000,21.7100,31,23,8,166,1,14,10,6,18,27
SZ,300446,2017-12-29 09:49:51,21.6600,3,32490.0000,15,S,21.6600,21.6500,21.6200,21.6100,21.5700,21.6700,21.6800,21.6900,21.7000,21.7100,16,23,8,166,1,14,10,6,18,27
SZ,300446,2017-12-29 09:50:00,21.6600,1,19494.0000,9,S,21.6600,21.6500,21.6200,21.6100,21.5700,21.6700,21.6800,21.6900,21.7000,21.7100,7,23,8,166,1,14,15,6,18,27
SZ,300446,2017-12-29 09:50:15,21.6600,2,15162.0000,7,S,21.6500,21.6200,21.6100,21.5700,21.5600,21.6700,21.6800,21.6900,21.7000,21.7100,23,10,166,1,5,53,15,13,18,27
SZ,300446,2017-12-29 09:51:09,21.6600,1,4332.0000,2,B,21.6500,21.6200,21.6100,21.5700,21.5600,21.6600,21.6700,21.6800,21.6900,21.7000,23,10,166,2,5,20,83,15,13,18
SZ,300446,2017-12-29 09:51:27,21.6600,1,8664.0000,4,B,21.6500,21.6200,21.6100,21.5700,21.5600,21.6600,21.6700,21.6800,21.6900,21.7000,23,10,166,2,5,18,83,15,13,18
SZ,300446,2017-12-29 09:51:36,21.6600,1,6498.0000,3,B,21.6500,21.6200,21.6100,21.5700,21.5600,21.6600,21.6700,21.6800,21.6900,21.7000,23,10,166,2,5,15,83,15,13,18
SZ,300446,2017-12-29 09:51:54,21.6500,2,10825.0000,5,S,21.6500,21.6200,21.6100,21.5700,21.5600,21.6600,21.6700,21.6800,21.6900,21.7000,18,10,166,2,5,15,53,15,13,18
SZ,300446,2017-12-29 09:52:03,21.6600,1,6498.0000,3,B,21.6500,21.6200,21.6100,21.5700,21.5600,21.6600,21.6700,21.6800,21.6900,21.7000,18,10,166,2,31,12,53,15,13,18
SZ,300446,2017-12-29 09:52:09,21.6600,2,10830.0000,5,B,21.6500,21.6200,21.6100,21.5700,21.5600,21.6600,21.6700,21.6800,21.6900,21.7000,18,10,166,2,31,7,53,15,13,18
SZ,300446,2017-12-29 09:52:21,21.6500,1,2165.0000,1,S,21.6500,21.6200,21.6100,21.5700,21.5600,21.6600,21.6700,21.6800,21.6900,21.7000,17,10,166,2,31,12,53,15,13,18
SZ,300446,2017-12-29 09:52:24,21.6600,3,17328.0000,8,B,21.6500,21.6200,21.6100,21.5700,21.5600,21.6600,21.6700,21.6800,21.6900,21.7000,17,10,166,2,31,4,53,15,13,18
SZ,300446,2017-12-29 09:52:39,21.6500,1,25980.0000,12,S,21.6500,21.6200,21.6100,21.5700,21.5600,21.6600,21.6700,21.6800,21.6900,21.7000,35,10,166,2,31,14,53,15,13,28
SZ,300446,2017-12-29 09:52:51,21.6500,1,10825.0000,5,S,21.6500,21.6200,21.6100,21.5700,21.5600,21.6600,21.6700,21.6800,21.6900,21.7000,30,10,166,2,31,14,53,15,13,28
SZ,300446,2017-12-29 09:53:09,21.6600,2,21660.0000,10,B,21.6500,21.6200,21.6100,21.5700,21.5600,21.6600,21.6700,21.6800,21.6900,21.7000,30,10,166,2,31,4,53,15,13,28
SZ,300446,2017-12-29 09:53:18,21.6600,1,2166.0000,1,B,21.6500,21.6200,21.6100,21.5700,21.5600,21.6600,21.6700,21.6800,21.6900,21.7000,30,10,166,2,31,3,53,15,13,28
SZ,300446,2017-12-29 09:53:24,21.6500,2,32475.0000,15,S,21.6500,21.6200,21.6100,21.5700,21.5600,21.6600,21.6700,21.6800,21.6900,21.7000,15,10,166,2,31,3,53,15,13,28
SZ,300446,2017-12-29 09:53:48,21.6600,1,2166.0000,1,B,21.6500,21.6200,21.6100,21.5700,21.5600,21.6600,21.6700,21.6800,21.6900,21.7000,15,10,166,2,31,91,53,15,13,28
SZ,300446,2017-12-29 09:53:51,21.6500,1,15155.0000,7,S,21.6500,21.6200,21.6100,21.5700,21.5600,21.6600,21.6700,21.6800,21.6900,21.7000,8,10,166,2,31,91,39,15,13,28
SZ,300446,2017-12-29 09:54:18,21.6600,2,8664.0000,4,B,21.6500,21.6200,21.6100,21.5700,21.5600,21.6600,21.6700,21.6800,21.6900,21.7000,8,10,166,2,31,127,39,15,13,28
SZ,300446,2017-12-29 09:54:21,21.6500,1,6495.0000,3,S,21.6500,21.6200,21.6100,21.5700,21.5600,21.6600,21.6700,21.6800,21.6900,21.7000,5,10,166,2,31,127,39,15,13,28
SZ,300446,2017-12-29 09:54:30,21.6500,1,4330.0000,2,S,21.6500,21.6200,21.6100,21.5700,21.5600,21.6600,21.6700,21.6800,21.6900,21.7000,3,18,166,2,31,127,39,15,13,18
SZ,300446,2017-12-29 09:54:33,21.6500,1,6495.0000,3,S,21.6200,21.6100,21.5700,21.5600,21.5500,21.6500,21.6600,21.6700,21.6800,21.6900,18,166,2,31,193,7,127,39,15,13
SZ,300446,2017-12-29 09:54:51,21.6200,3,25944.0000,12,S,21.6200,21.6100,21.5700,21.5600,21.5500,21.6500,21.6600,21.6700,21.6800,21.6900,13,166,2,31,167,17,127,39,15,13
SZ,300446,2017-12-29 09:55:24,21.6100,4,45394.0000,21,S,21.6100,21.5700,21.5600,21.5500,21.5400,21.6400,21.6500,21.6600,21.6700,21.6800,158,2,31,167,8,44,17,127,39,15
SZ,300446,2017-12-29 09:55:30,21.6200,1,2162.0000,1,B,21.6200,21.6100,21.5700,21.5600,21.5500,21.6400,21.6500,21.6600,21.6700,21.6800,79,158,2,31,167,44,17,127,39,15
SZ,300446,2017-12-29 09:55:39,21.6200,2,25947.0000,12,S,21.6200,21.6100,21.5700,21.5600,21.5500,21.6400,21.6500,21.6600,21.6700,21.6800,70,158,2,31,167,44,7,127,39,15
SZ,300446,2017-12-29 09:55:51,21.6200,1,6486.0000,3,S,21.6200,21.6100,21.5700,21.5600,21.5500,21.6400,21.6500,21.6600,21.6700,21.6800,67,158,2,31,167,44,14,127,39,15
SZ,300446,2017-12-29 09:55:57,21.6200,1,2162.0000,1,S,21.6200,21.6100,21.5700,21.5600,21.5500,21.6400,21.6500,21.6600,21.6700,21.6800,66,158,2,31,167,44,14,127,39,15
SZ,300446,2017-12-29 09:56:42,21.6200,1,15134.0000,7,S,21.6200,21.6100,21.5700,21.5600,21.5500,21.6400,21.6500,21.6600,21.6700,21.6800,59,158,2,31,167,44,14,127,39,15
SZ,300446,2017-12-29 09:56:51,21.6200,1,6486.0000,3,S,21.6200,21.6100,21.5700,21.5600,21.5500,21.6400,21.6500,21.6600,21.6700,21.6800,56,158,2,31,167,44,14,127,39,15
SZ,300446,2017-12-29 09:57:18,21.6200,1,21620.0000,10,S,21.6200,21.6100,21.5700,21.5600,21.5500,21.6400,21.6500,21.6600,21.6700,21.6800,46,158,2,31,167,44,14,127,39,15
SZ,300446,2017-12-29 09:57:33,21.6200,1,10810.0000,5,S,21.6200,21.6100,21.5700,21.5600,21.5500,21.6400,21.6500,21.6600,21.6700,21.6800,41,158,2,31,167,44,14,127,39,15
SZ,300446,2017-12-29 09:57:51,21.6200,1,8648.0000,4,S,21.6200,21.6100,21.5700,21.5600,21.5500,21.6400,21.6500,21.6600,21.6700,21.6800,37,158,2,31,167,44,14,127,39,15
SZ,300446,2017-12-29 09:58:27,21.6400,1,10820.0000,5,B,21.6200,21.6100,21.5700,21.5600,21.5500,21.6400,21.6500,21.6600,21.6700,21.6800,44,158,2,31,4,39,15,127,39,15
SZ,300446,2017-12-29 09:58:51,21.6300,1,15141.0000,7,S,21.6200,21.6100,21.5700,21.5600,21.5500,21.6400,21.6500,21.6600,21.6700,21.6800,44,158,2,31,4,39,15,127,39,16
SZ,300446,2017-12-29 09:59:09,21.6400,2,60571.0000,28,B,21.6200,21.6100,21.5700,21.5600,21.5500,21.6400,21.6500,21.6600,21.6700,21.6800,44,158,2,31,4,32,15,127,39,16
SZ,300446,2017-12-29 09:59:51,21.6200,1,23782.0000,11,S,21.6200,21.6100,21.5700,21.5600,21.5500,21.6400,21.6500,21.6600,21.6700,21.6800,33,158,2,31,4,32,15,127,39,16
SZ,300446,2017-12-29 10:00:03,21.6200,1,43240.0000,20,S,21.6200,21.6100,21.5700,21.5600,21.5500,21.6400,21.6500,21.6600,21.6700,21.6800,18,158,2,31,4,32,15,127,39,16
SZ,300446,2017-12-29 10:00:42,21.6400,1,2164.0000,1,B,21.6200,21.6100,21.5700,21.5600,21.5500,21.6400,21.6500,21.6600,21.6700,21.6800,19,158,2,5,4,31,15,127,39,16
SZ,300446,2017-12-29 10:01:33,21.6300,1,23793.0000,11,B,21.6300,21.6200,21.6100,21.5700,21.5600,21.6400,21.6500,21.6600,21.6700,21.6800,9,19,158,2,5,31,21,127,44,16
SZ,300446,2017-12-29 10:01:36,21.6400,1,10820.0000,5,B,21.6300,21.6200,21.6100,21.5700,21.5600,21.6400,21.6500,21.6600,21.6700,21.6800,9,19,158,2,5,26,21,127,44,16
SZ,300446,2017-12-29 10:01:51,21.6300,1,8652.0000,4,S,21.6300,21.6200,21.6100,21.5700,21.5600,21.6400,21.6500,21.6600,21.6700,21.6800,5,19,158,2,5,26,21,227,44,16
SZ,300446,2017-12-29 10:02:09,21.6600,9,151547.0000,70,B,21.6300,21.6200,21.6100,21.5700,21.5600,21.6600,21.6700,21.6800,21.6900,21.7000,10,19,158,2,5,204,44,16,8,25
SZ,300446,2017-12-29 10:02:51,21.6600,3,147264.0000,68,B,21.6300,21.6200,21.6100,21.5700,21.5600,21.6600,21.6700,21.6800,21.6900,21.7000,2,21,158,2,5,144,39,16,8,25
SZ,300446,2017-12-29 10:03:15,21.6600,1,4332.0000,2,B,21.6300,21.6200,21.6100,21.5700,21.5600,21.6600,21.6700,21.6800,21.6900,21.7000,2,21,158,2,5,142,39,16,8,25
SZ,300446,2017-12-29 10:03:45,21.6600,2,32490.0000,15,B,21.6300,21.6200,21.6100,21.5700,21.5600,21.6600,21.6700,21.6800,21.6900,21.7000,2,20,158,2,5,157,39,21,8,25
SZ,300446,2017-12-29 10:03:51,21.6200,2,17298.0000,8,S,21.6200,21.6100,21.5700,21.5600,21.5500,21.6600,21.6700,21.6800,21.6900,21.7000,14,158,2,5,4,157,39,21,8,25
SZ,300446,2017-12-29 10:04:36,21.6200,1,2162.0000,1,S,21.6200,21.6100,21.5700,21.5600,21.5500,21.6600,21.6700,21.6800,21.6900,21.7000,13,164,3,5,4,133,39,21,8,57
SZ,300446,2017-12-29 10:04:51,21.6200,2,23782.0000,11,S,21.6200,21.6100,21.5700,21.5600,21.5500,21.6600,21.6700,21.6800,21.6900,21.7000,20,164,3,5,4,133,39,21,8,57
SZ,300446,2017-12-29 10:05:51,21.6300,1,25956.0000,12,S,21.6300,21.6200,21.6100,21.5700,21.5600,21.6600,21.6700,21.6800,21.6900,21.7000,8,17,164,3,5,133,39,21,6,57
SZ,300446,2017-12-29 10:06:51,21.6200,3,32438.0000,15,S,21.6200,21.6100,21.5700,21.5600,21.5500,21.6400,21.6500,21.6600,21.6700,21.6800,10,164,2,5,1,6,7,133,39,21
SZ,300446,2017-12-29 10:07:30,21.6200,1,10810.0000,5,S,21.6200,21.6100,21.5700,21.5600,21.5500,21.6400,21.6500,21.6600,21.6700,21.6800,5,164,2,5,1,6,27,133,39,21
SZ,300446,2017-12-29 10:07:42,21.6100,2,21615.0000,10,S,21.6100,21.5700,21.5600,21.5500,21.5400,21.6400,21.6500,21.6600,21.6700,21.6800,159,2,5,1,8,6,27,133,39,21
SZ,300446,2017-12-29 10:08:00,21.6100,1,2161.0000,1,S,21.6100,21.5700,21.5500,21.5400,21.5300,21.6400,21.6500,21.6600,21.6700,21.6800,158,2,1,3,7,6,27,133,39,21
SZ,300446,2017-12-29 10:08:15,21.6100,4,289581.0000,134,S,21.6100,21.5700,21.5500,21.5400,21.5300,21.6400,21.6500,21.6600,21.6700,21.6800,31,2,1,3,7,6,27,133,39,21
SZ,300446,2017-12-29 10:08:36,21.6100,1,32415.0000,15,S,21.6100,21.5700,21.5500,21.5400,21.5300,21.6400,21.6500,21.6600,21.6700,21.6800,16,2,1,3,7,6,27,133,39,21
SZ,300446,2017-12-29 10:08:51,21.6100,1,21610.0000,10,S,21.6100,21.5700,21.5500,21.5400,21.5300,21.6400,21.6500,21.6600,21.6700,21.6800,6,2,1,3,7,11,27,133,39,21
SZ,300446,2017-12-29 10:09:15,21.6100,1,12966.0000,6,S,21.5700,21.5500,21.5400,21.5300,21.5200,21.6100,21.6400,21.6500,21.6600,21.6700,1,1,3,7,10,14,6,12,133,39
SZ,300446,2017-12-29 10:09:27,21.6100,1,10805.0000,5,B,21.5700,21.5500,21.5400,21.5300,21.5200,21.6100,21.6400,21.6500,21.6600,21.6700,1,1,3,33,10,9,6,7,133,39
SZ,300446,2017-12-29 10:09:51,21.5500,2,4312.0000,2,S,21.5400,21.5300,21.5200,21.5100,21.5000,21.5500,21.6100,21.6400,21.6500,21.6600,3,7,10,5,50,9,9,6,11,106
SZ,300446,2017-12-29 10:10:00,21.5500,1,10775.0000,5,B,21.5400,21.5300,21.5200,21.5100,21.5000,21.5500,21.6100,21.6400,21.6500,21.6600,3,7,10,5,50,4,9,6,11,106
SZ,300446,2017-12-29 10:10:03,21.5500,1,8620.0000,4,S,21.5500,21.5400,21.5300,21.5200,21.5100,21.6100,21.6400,21.6500,21.6600,21.6700,22,3,7,10,5,9,6,11,106,39
SZ,300446,2017-12-29 10:10:06,21.6100,1,19449.0000,9,B,21.5500,21.5400,21.5300,21.5200,21.5100,21.6400,21.6500,21.6600,21.6700,21.6800,22,3,7,10,5,6,11,138,39,21
SZ,300446,2017-12-29 10:10:24,21.5500,1,23705.0000,11,S,21.5500,21.5400,21.5300,21.5200,21.5100,21.6400,21.6500,21.6600,21.6700,21.6800,11,3,7,10,5,34,13,106,39,21
SZ,300446,2017-12-29 10:10:42,21.5600,1,17248.0000,8,S,21.5600,21.5500,21.5400,21.5300,21.5200,21.6400,21.6500,21.6600,21.6700,21.6800,12,55,3,7,10,34,9,106,39,21
SZ,300446,2017-12-29 10:10:51,21.5500,2,28027.0000,13,S,21.5500,21.5400,21.5300,21.5200,21.5100,21.6400,21.6500,21.6600,21.6700,21.6800,74,3,12,10,5,61,9,106,39,21
SZ,300446,2017-12-29 10:11:21,21.6400,1,6492.0000,3,B,21.5600,21.5500,21.5400,21.5300,21.5200,21.6400,21.6500,21.6600,21.6700,21.6800,4,74,3,12,10,58,9,106,39,53
SZ,300446,2017-12-29 10:11:39,21.6400,2,8656.0000,4,B,21.5600,21.5500,21.5400,21.5300,21.5200,21.6400,21.6500,21.6600,21.6700,21.6800,22,74,3,12,10,55,9,106,39,53
SZ,300446,2017-12-29 10:11:48,21.5600,1,4312.0000,2,S,21.5600,21.5500,21.5400,21.5300,21.5200,21.6400,21.6500,21.6600,21.6700,21.6800,20,74,3,12,10,55,9,106,39,53
SZ,300446,2017-12-29 10:11:51,21.5600,3,36652.0000,17,S,21.5600,21.5500,21.5400,21.5300,21.5200,21.6400,21.6500,21.6600,21.6700,21.6800,3,74,3,12,10,55,9,106,39,53
SZ,300446,2017-12-29 10:12:12,21.5600,1,2156.0000,1,S,21.5600,21.5500,21.5400,21.5300,21.5200,21.6400,21.6500,21.6600,21.6700,21.6800,2,54,3,12,10,54,11,106,39,53
SZ,300446,2017-12-29 10:12:24,21.6400,2,41106.0000,19,B,21.5600,21.5500,21.5400,21.5300,21.5200,21.6400,21.6500,21.6600,21.6700,21.6800,2,54,3,12,10,45,11,106,39,53
SZ,300446,2017-12-29 10:12:33,21.5600,1,2156.0000,1,S,21.5600,21.5500,21.5400,21.5300,21.5200,21.6400,21.6500,21.6600,21.6700,21.6800,17,54,3,12,10,45,11,106,39,84
SZ,300446,2017-12-29 10:13:12,21.5600,1,2156.0000,1,S,21.5600,21.5500,21.5400,21.5300,21.5200,21.6400,21.6500,21.6600,21.6700,21.6800,16,54,3,12,15,50,11,106,39,52
SZ,300446,2017-12-29 10:13:21,21.5600,1,4312.0000,2,S,21.5600,21.5500,21.5400,21.5300,21.5200,21.6400,21.6500,21.6600,21.6700,21.6800,14,54,3,12,15,50,11,106,39,52
SZ,300446,2017-12-29 10:13:51,21.5600,1,8624.0000,4,S,21.5600,21.5500,21.5400,21.5300,21.5200,21.6400,21.6500,21.6600,21.6700,21.6800,17,54,7,12,15,50,11,106,39,52
SZ,300446,2017-12-29 10:14:09,21.5600,1,2156.0000,1,S,21.5600,21.5500,21.5400,21.5300,21.5200,21.6400,21.6500,21.6600,21.6700,21.6800,16,54,7,12,15,50,11,106,39,52
SZ,300446,2017-12-29 10:14:39,21.6400,2,86532.0000,40,B,21.5600,21.5500,21.5400,21.5300,21.5200,21.6400,21.6500,21.6600,21.6700,21.6800,16,54,7,12,15,38,11,106,39,52
SZ,300446,2017-12-29 10:14:51,21.5600,2,28028.0000,13,S,21.5600,21.5500,21.5400,21.5300,21.5200,21.6400,21.6500,21.6600,21.6700,21.6800,3,54,7,12,15,33,11,106,39,52
SZ,300446,2017-12-29 10:14:57,21.5600,1,4312.0000,2,S,21.5600,21.5500,21.5400,21.5300,21.5200,21.6400,21.6500,21.6600,21.6700,21.6800,1,54,7,12,15,33,11,106,39,52
SZ,300446,2017-12-29 10:15:45,21.5800,1,2158.0000,1,S,21.5800,21.5600,21.5500,21.5400,21.5300,21.6300,21.6400,21.6500,21.6600,21.6700,4,3,54,7,12,4,33,11,106,39
SZ,300446,2017-12-29 10:15:51,21.5600,3,15100.0000,7,S,21.5500,21.5400,21.5300,21.5200,21.5100,21.5600,21.6300,21.6400,21.6500,21.6600,54,7,12,15,5,9,4,33,20,106
SZ,300446,2017-12-29 10:16:03,21.5600,1,19404.0000,9,B,21.5600,21.5500,21.5400,21.5300,21.5200,21.6300,21.6400,21.6500,21.6600,21.6700,10,54,7,12,15,4,33,20,106,39
SZ,300446,2017-12-29 10:16:27,21.5600,1,2156.0000,1,S,21.5500,21.5400,21.5300,21.5200,21.5100,21.5600,21.6300,21.6400,21.6500,21.6600,55,7,12,15,5,1,4,33,20,106
SZ,300446,2017-12-29 10:16:45,21.5600,1,2156.0000,1,B,21.5600,21.5500,21.5400,21.5300,21.5200,21.6300,21.6400,21.6500,21.6600,21.6700,28,55,7,12,15,4,33,100,106,39
SZ,300446,2017-12-29 10:16:51,21.5600,1,8624.0000,4,S,21.5600,21.5500,21.5400,21.5300,21.5200,21.6300,21.6400,21.6500,21.6600,21.6700,25,55,7,12,15,4,33,100,106,39
SZ,300446,2017-12-29 10:17:15,21.5600,1,8624.0000,4,S,21.5600,21.5500,21.5400,21.5300,21.5200,21.6300,21.6400,21.6500,21.6600,21.6700,21,55,7,12,15,4,33,100,106,39
SZ,300446,2017-12-29 10:17:18,21.5600,1,4312.0000,2,S,21.5600,21.5500,21.5400,21.5300,21.5200,21.6300,21.6400,21.6500,21.6600,21.6700,19,55,7,12,15,4,33,100,106,39
SZ,300446,2017-12-29 10:17:51,21.5700,1,2157.0000,1,S,21.5700,21.5600,21.5500,21.5400,21.5300,21.6300,21.6400,21.6500,21.6600,21.6700,4,19,55,7,12,4,33,95,106,39
SZ,300446,2017-12-29 10:17:54,21.5500,5,127172.0000,59,S,21.5500,21.5400,21.5300,21.5200,21.5100,21.6300,21.6400,21.6500,21.6600,21.6700,19,7,12,15,5,4,33,95,106,39
SZ,300446,2017-12-29 10:18:03,21.5700,1,2157.0000,1,S,21.5700,21.5500,21.5400,21.5300,21.5200,21.6300,21.6400,21.6500,21.6600,21.6700,14,19,7,12,15,4,33,95,106,39
SZ,300446,2017-12-29 10:18:18,21.6300,1,2163.0000,1,B,21.5700,21.5500,21.5400,21.5300,21.5200,21.6300,21.6400,21.6500,21.6600,21.6700,14,19,7,12,15,3,33,95,106,39
SZ,300446,2017-12-29 10:18:51,21.5700,2,12942.0000,6,S,21.5700,21.5500,21.5400,21.5300,21.5200,21.6300,21.6400,21.6500,21.6600,21.6700,8,19,7,12,15,13,33,95,106,39
SZ,300446,2017-12-29 10:19:39,21.5700,1,2157.0000,1,S,21.5700,21.5500,21.5400,21.5300,21.5200,21.6300,21.6400,21.6500,21.6600,21.6700,7,19,7,12,15,13,33,95,106,39
SZ,300446,2017-12-29 10:19:51,21.5700,2,10789.0000,5,S,21.5700,21.5500,21.5400,21.5300,21.5200,21.6200,21.6300,21.6400,21.6500,21.6600,4,19,7,12,15,20,13,33,95,106
SZ,300446,2017-12-29 10:20:24,21.5700,1,4314.0000,2,S,21.5700,21.5500,21.5400,21.5300,21.5200,21.6200,21.6300,21.6400,21.6500,21.6600,7,19,12,12,15,20,8,33,127,106
SZ,300446,2017-12-29 10:20:51,21.5500,4,34510.0000,16,S,21.5500,21.5400,21.5300,21.5200,21.5100,21.6200,21.6300,21.6400,21.6500,21.6600,18,12,12,15,5,20,21,33,123,106
SZ,300446,2017-12-29 10:21:15,21.5500,1,4310.0000,2,S,21.5500,21.5400,21.5300,21.5200,21.5100,21.6200,21.6300,21.6400,21.6500,21.6600,16,12,17,15,5,20,21,33,123,106
SZ,300446,2017-12-29 10:21:27,21.6200,1,2162.0000,1,B,21.5600,21.5500,21.5400,21.5300,21.5200,21.6200,21.6300,21.6400,21.6500,21.6600,3,16,12,17,15,19,21,33,123,106
SZ,300446,2017-12-29 10:21:51,21.5600,1,2156.0000,1,S,21.5600,21.5500,21.5400,21.5300,21.5200,21.6200,21.6300,21.6400,21.6500,21.6600,2,16,12,17,15,19,21,33,123,106
SZ,300446,2017-12-29 10:22:00,21.5600,1,2156.0000,1,S,21.5600,21.5500,21.5400,21.5300,21.5200,21.6200,21.6300,21.6400,21.6500,21.6600,2,16,12,17,15,19,21,33,123,106
SZ,300446,2017-12-29 10:22:39,21.6200,1,41078.0000,19,B,21.6200,21.5600,21.5500,21.5400,21.5300,21.6300,21.6400,21.6500,21.6600,21.6700,60,48,16,12,27,21,6,123,106,39
SZ,300446,2017-12-29 10:22:48,21.6300,4,56228.0000,26,B,21.6300,21.5700,21.5600,21.5500,21.5400,21.6400,21.6500,21.6600,21.6700,21.6800,33,16,48,16,12,6,123,106,39,104
SZ,300446,2017-12-29 10:22:51,21.6300,2,6489.0000,3,S,21.6300,21.5700,21.5600,21.5500,21.5400,21.6400,21.6500,21.6600,21.6700,21.6800,30,16,48,16,12,6,91,106,39,104
SZ,300446,2017-12-29 10:23:00,21.6400,1,10820.0000,5,B,21.5700,21.5600,21.5500,21.5400,21.5300,21.6400,21.6500,21.6600,21.6700,21.6800,16,48,16,12,27,1,91,106,39,104
SZ,300446,2017-12-29 10:23:33,21.6000,1,2160.0000,1,S,21.6000,21.5700,21.5600,21.5500,21.5400,21.6400,21.6500,21.6600,21.6700,21.6800,4,16,48,16,12,6,91,106,39,104
SZ,300446,2017-12-29 10:23:51,21.6000,1,8640.0000,4,S,21.5700,21.5600,21.5500,21.5400,21.5300,21.6400,21.6500,21.6600,21.6700,21.6800,16,48,16,12,17,7,91,106,39,104
SZ,300446,2017-12-29 10:24:09,21.5800,1,21580.0000,10,S,21.5700,21.5600,21.5500,21.5400,21.5300,21.6400,21.6500,21.6600,21.6700,21.6800,16,48,16,12,17,13,91,106,39,104
SZ,300446,2017-12-29 10:24:18,21.5700,1,4314.0000,2,S,21.5700,21.5600,21.5500,21.5400,21.5300,21.6400,21.6500,21.6600,21.6700,21.6800,14,48,16,12,17,13,91,106,39,104
SZ,300446,2017-12-29 10:24:51,21.5700,2,17256.0000,8,S,21.5700,21.5600,21.5500,21.5400,21.5300,21.6400,21.6500,21.6600,21.6700,21.6800,6,48,16,12,17,13,91,106,39,104
SZ,300446,2017-12-29 10:25:09,21.5700,1,2157.0000,1,S,21.5700,21.5600,21.5500,21.5400,21.5300,21.6400,21.6500,21.6600,21.6700,21.6800,5,48,16,12,17,13,91,100,39,104
SZ,300446,2017-12-29 10:25:12,21.5700,1,10785.0000,5,S,21.5600,21.5500,21.5400,21.5300,21.5200,21.6400,21.6500,21.6600,21.6700,21.6800,48,16,12,17,10,13,91,100,39,104
SZ,300446,2017-12-29 10:25:51,21.5600,3,19404.0000,9,S,21.5600,21.5500,21.5400,21.5300,21.5200,21.6400,21.6500,21.6600,21.6700,21.6800,39,16,12,17,10,13,91,100,39,104
SZ,300446,2017-12-29 10:25:54,21.5600,1,4312.0000,2,S,21.5600,21.5500,21.5400,21.5300,21.5200,21.6400,21.6500,21.6600,21.6700,21.6800,37,16,12,17,10,13,91,100,39,104
SZ,300446,2017-12-29 10:26:00,21.5600,1,8624.0000,4,S,21.5600,21.5500,21.5400,21.5300,21.5200,21.6400,21.6500,21.6600,21.6700,21.6800,33,16,12,17,10,13,91,100,39,104
SZ,300446,2017-12-29 10:26:30,21.5600,2,8625.0000,4,S,21.5600,21.5500,21.5400,21.5300,21.5200,21.6400,21.6500,21.6600,21.6700,21.6800,30,16,12,17,27,13,91,100,71,104
SZ,300446,2017-12-29 10:26:42,21.5600,1,4312.0000,2,S,21.5600,21.5500,21.5400,21.5300,21.5200,21.6400,21.6500,21.6600,21.6700,21.6800,28,16,12,17,27,13,91,100,71,104
SZ,300446,2017-12-29 10:26:51,21.5600,1,28028.0000,13,S,21.5600,21.5500,21.5400,21.5300,21.5200,21.6400,21.6500,21.6600,21.6700,21.6800,15,16,12,17,27,15,91,100,71,104
SZ,300446,2017-12-29 10:27:00,21.5600,1,8624.0000,4,S,21.5600,21.5500,21.5400,21.5300,21.5200,21.6400,21.6500,21.6600,21.6700,21.6800,11,16,12,17,27,15,91,100,71,104
SZ,300446,2017-12-29 10:27:27,21.5600,1,2156.0000,1,S,21.5600,21.5500,21.5400,21.5300,21.5200,21.6400,21.6500,21.6600,21.6700,21.6800,10,16,12,17,27,16,91,100,71,104
SZ,300446,2017-12-29 10:27:30,21.5600,1,4312.0000,2,S,21.5600,21.5500,21.5400,21.5300,21.5200,21.6300,21.6400,21.6500,21.6600,21.6700,8,16,12,17,27,15,16,91,100,71
SZ,300446,2017-12-29 10:27:51,21.5600,1,8624.0000,4,S,21.5600,21.5500,21.5400,21.5300,21.5200,21.6300,21.6400,21.6500,21.6600,21.6700,7,16,12,17,29,15,16,91,100,71
SZ,300446,2017-12-29 10:28:18,21.5600,1,4312.0000,2,S,21.5600,21.5500,21.5400,21.5300,21.5200,21.6300,21.6400,21.6500,21.6600,21.6700,62,33,12,17,12,15,21,91,100,71
SZ,300446,2017-12-29 10:28:24,21.5600,3,32340.0000,15,S,21.5600,21.5500,21.5400,21.5300,21.5200,21.6300,21.6400,21.6500,21.6600,21.6700,47,33,12,17,12,15,21,91,100,71
SZ,300446,2017-12-29 10:28:51,21.5600,1,10780.0000,5,S,21.5600,21.5500,21.5400,21.5300,21.5200,21.6200,21.6300,21.6400,21.6500,21.6600,42,33,12,17,12,30,15,24,91,100
SZ,300446,2017-12-29 10:29:03,21.5600,1,2156.0000,1,S,21.5600,21.5500,21.5400,21.5300,21.5200,21.6200,21.6300,21.6400,21.6500,21.6600,41,33,12,17,12,30,15,24,91,100
SZ,300446,2017-12-29 10:29:27,21.6200,1,43240.0000,20,B,21.5600,21.5500,21.5400,21.5300,21.5200,21.6200,21.6400,21.6500,21.6600,21.6700,41,33,12,17,12,10,24,91,100,71
SZ,300446,2017-12-29 10:29:48,21.5700,1,2157.0000,1,S,21.5600,21.5500,21.5400,21.5300,21.5200,21.5700,21.6200,21.6400,21.6500,21.6600,41,33,12,17,12,1,10,24,89,100
SZ,300446,2017-12-29 10:29:51,21.5600,1,19404.0000,9,S,21.5600,21.5500,21.5400,21.5300,21.5200,21.5700,21.6200,21.6400,21.6500,21.6600,32,33,12,17,12,1,10,24,89,100
SZ,300446,2017-12-29 10:30:00,21.5700,1,2157.0000,1,B,21.5700,21.5600,21.5500,21.5400,21.5300,21.6200,21.6400,21.6500,21.6600,21.6700,30,32,33,12,17,10,24,89,100,71
SZ,300446,2017-12-29 10:30:12,21.6200,1,21620.0000,10,B,21.6200,21.5700,21.5600,21.5500,21.5400,21.6400,21.6500,21.6600,21.6700,21.6800,20,1,32,33,12,24,89,100,71,104
SZ,300446,2017-12-29 10:30:36,21.6400,8,41106.0000,19,B,21.5700,21.5600,21.5500,21.5400,21.5300,21.6400,21.6500,21.6600,21.6700,21.6800,1,32,16,7,17,7,89,100,71,104
SZ,300446,2017-12-29 10:30:39,21.5700,1,2157.0000,1,S,21.5600,21.5500,21.5400,21.5300,21.5200,21.5700,21.6400,21.6500,21.6600,21.6700,32,16,7,41,12,1,7,89,100,71
SZ,300446,2017-12-29 10:30:51,21.5600,1,23716.0000,11,S,21.5600,21.5500,21.5400,21.5300,21.5200,21.5700,21.6400,21.6500,21.6600,21.6700,21,16,7,41,12,1,7,89,100,71
SZ,300446,2017-12-29 10:31:00,21.5700,1,2157.0000,1,B,21.5700,21.5600,21.5500,21.5400,21.5300,21.6400,21.6500,21.6600,21.6700,21.6800,4,21,16,7,41,7,89,100,39,104
SZ,300446,2017-12-29 10:31:24,21.5700,1,2157.0000,1,S,21.5700,21.5600,21.5500,21.5400,21.5300,21.6400,21.6500,21.6600,21.6700,21.6800,3,21,16,24,17,7,89,100,39,104
SZ,300446,2017-12-29 10:31:45,21.6400,2,10820.0000,5,B,21.5700,21.5600,21.5500,21.5400,21.5300,21.6400,21.6500,21.6600,21.6700,21.6800,30,21,16,7,17,2,89,100,39,104
SZ,300446,2017-12-29 10:31:51,21.5700,2,32355.0000,15,S,21.5700,21.5600,21.5500,21.5400,21.5300,21.6400,21.6500,21.6600,21.6700,21.6800,15,21,16,7,17,2,89,100,39,104
SZ,300446,2017-12-29 10:32:12,21.5800,1,4316.0000,2,S,21.5800,21.5700,21.5600,21.5500,21.5400,21.6400,21.6500,21.6600,21.6700,21.6800,3,15,21,16,7,2,89,100,39,104
SZ,300446,2017-12-29 10:32:51,21.5700,3,38829.0000,18,S,21.5600,21.5500,21.5400,21.5300,21.5200,21.6400,21.6500,21.6600,21.6700,21.6800,21,16,7,17,12,2,89,100,39,104
SZ,300446,2017-12-29 10:33:00,21.5600,1,2156.0000,1,S,21.5600,21.5500,21.5400,21.5300,21.5200,21.6400,21.6500,21.6600,21.6700,21.6800,20,16,7,17,12,2,89,100,39,104
SZ,300446,2017-12-29 10:33:45,21.5600,1,4312.0000,2,S,21.5600,21.5500,21.5400,21.5300,21.5200,21.6400,21.6500,21.6600,21.6700,21.6800,18,16,7,17,12,5,89,100,39,104
SZ,300446,2017-12-29 10:33:51,21.5600,1,15092.0000,7,S,21.5600,21.5500,21.5400,21.5300,21.5200,21.6400,21.6500,21.6600,21.6700,21.6800,21,16,7,17,12,5,89,100,39,104
SZ,300446,2017-12-29 10:34:33,21.5600,1,2156.0000,1,S,21.5600,21.5500,21.5400,21.5300,21.5200,21.6300,21.6400,21.6500,21.6600,21.6700,20,16,67,17,12,10,5,102,100,39
SZ,300446,2017-12-29 10:34:51,21.5600,1,21560.0000,10,S,21.5600,21.5500,21.5400,21.5300,21.5200,21.6300,21.6400,21.6500,21.6600,21.6700,10,21,67,17,12,10,10,102,100,39
SZ,300446,2017-12-29 10:35:21,21.5600,1,4312.0000,2,S,21.5600,21.5500,21.5400,21.5300,21.5200,21.6300,21.6400,21.6500,21.6600,21.6700,8,21,67,17,52,10,15,102,100,39
SZ,300446,2017-12-29 10:35:51,21.5600,2,25872.0000,12,S,21.5600,21.5500,21.5400,21.5300,21.5200,21.6300,21.6400,21.6500,21.6600,21.6700,13,31,67,17,52,10,15,102,100,39
SZ,300446,2017-12-29 10:36:06,21.5600,1,4312.0000,2,S,21.5600,21.5500,21.5400,21.5300,21.5200,21.6300,21.6400,21.6500,21.6600,21.6700,11,31,67,17,52,10,15,102,100,39
SZ,300446,2017-12-29 10:36:51,21.5500,3,32336.0000,15,S,21.5500,21.5400,21.5300,21.5200,21.5000,21.6300,21.6400,21.6500,21.6600,21.6700,27,67,17,52,70,10,20,97,100,39
SZ,300446,2017-12-29 10:37:03,21.5600,1,2156.0000,1,B,21.5500,21.5400,21.5300,21.5200,21.5000,21.6300,21.6400,21.6500,21.6600,21.6700,27,67,17,52,70,10,20,97,100,39
SZ,300446,2017-12-29 10:37:42,21.5600,1,2156.0000,1,S,21.5500,21.5400,21.5300,21.5200,21.5000,21.5600,21.6300,21.6400,21.6500,21.6600,29,67,17,52,70,1,10,20,100,100
SZ,300446,2017-12-29 10:37:48,21.6300,2,4319.0000,2,B,21.5600,21.5500,21.5400,21.5300,21.5200,21.6300,21.6400,21.6500,21.6600,21.6700,12,29,67,17,52,9,20,100,100,39
SZ,300446,2017-12-29 10:37:51,21.5600,1,2156.0000,1,S,21.5600,21.5500,21.5400,21.5300,21.5200,21.6300,21.6400,21.6500,21.6600,21.6700,12,29,67,17,52,9,20,100,100,39
SZ,300446,2017-12-29 10:38:27,21.5600,3,25872.0000,12,S,21.5500,21.5400,21.5300,21.5200,21.5000,21.5600,21.6100,21.6300,21.6400,21.6500,29,67,17,52,70,42,7,9,20,100
SZ,300446,2017-12-29 10:38:33,21.5600,1,90552.0000,42,B,21.5500,21.5400,21.5300,21.5200,21.5000,21.6100,21.6300,21.6400,21.6500,21.6600,29,67,17,52,70,7,9,20,100,100
SZ,300446,2017-12-29 10:38:51,21.5500,1,2155.0000,1,S,21.5500,21.5400,21.5300,21.5200,21.5000,21.6100,21.6300,21.6400,21.6500,21.6600,28,67,17,52,70,7,9,20,100,100
SZ,300446,2017-12-29 10:39:03,21.5600,1,12936.0000,6,B,21.5500,21.5400,21.5300,21.5200,21.5000,21.6100,21.6300,21.6400,21.6500,21.6600,28,67,17,52,70,7,9,20,100,100
SZ,300446,2017-12-29 10:39:09,21.6300,2,25942.0000,12,B,21.5500,21.5400,21.5300,21.5200,21.5000,21.6300,21.6400,21.6500,21.6600,21.6700,28,67,17,52,70,4,20,100,100,39
SZ,300446,2017-12-29 10:39:12,21.5500,1,4310.0000,2,S,21.5500,21.5400,21.5300,21.5200,21.5000,21.6300,21.6400,21.6500,21.6600,21.6700,26,67,17,52,70,4,20,100,100,39
SZ,300446,2017-12-29 10:39:51,21.5600,1,21560.0000,10,S,21.5600,21.5500,21.5400,21.5300,21.5200,21.6300,21.6400,21.6500,21.6600,21.6700,10,26,67,17,52,4,20,100,100,39
SZ,300446,2017-12-29 10:40:00,21.5600,1,2156.0000,1,S,21.5600,21.5500,21.5400,21.5300,21.5200,21.6300,21.6400,21.6500,21.6600,21.6700,9,26,67,17,52,4,20,100,100,39
SZ,300446,2017-12-29 10:40:51,21.5500,3,32334.0000,15,S,21.5500,21.5400,21.5300,21.5200,21.5000,21.6300,21.6400,21.6500,21.6600,21.6700,20,67,22,52,70,4,20,100,100,39
SZ,300446,2017-12-29 10:41:36,21.5500,1,4310.0000,2,S,21.5500,21.5400,21.5300,21.5200,21.5000,21.6300,21.6400,21.6500,21.6600,21.6700,44,67,22,52,70,4,20,100,100,39
SZ,300446,2017-12-29 10:41:51,21.5500,3,34480.0000,16,S,21.5500,21.5400,21.5300,21.5200,21.5000,21.6300,21.6400,21.6500,21.6600,21.6700,28,67,22,52,70,4,20,100,100,39
SZ,300446,2017-12-29 10:42:21,21.5500,1,2155.0000,1,S,21.5500,21.5400,21.5300,21.5200,21.5000,21.6300,21.6400,21.6500,21.6600,21.6700,27,67,17,52,70,9,20,100,100,39
SZ,300446,2017-12-29 10:42:45,21.6300,1,2163.0000,1,B,21.5500,21.5400,21.5300,21.5200,21.5000,21.6300,21.6400,21.6500,21.6600,21.6700,27,67,17,52,70,8,20,100,100,39
SZ,300446,2017-12-29 10:42:51,21.5500,1,2155.0000,1,S,21.5500,21.5400,21.5300,21.5200,21.5000,21.6300,21.6400,21.6500,21.6600,21.6700,26,67,17,52,70,8,20,100,100,39
SZ,300446,2017-12-29 10:43:09,21.5500,1,4310.0000,2,S,21.5500,21.5400,21.5300,21.5200,21.5100,21.6300,21.6400,21.6500,21.6600,21.6700,27,67,17,52,5,8,35,100,100,39
SZ,300446,2017-12-29 10:43:51,21.5600,1,2156.0000,1,S,21.5600,21.5500,21.5400,21.5300,21.5200,21.6300,21.6400,21.6500,21.6600,21.6700,2,32,67,17,52,8,35,100,100,39
SZ,300446,2017-12-29 10:43:57,21.5600,1,2156.0000,1,S,21.5600,21.5500,21.5400,21.5300,21.5200,21.6200,21.6300,21.6400,21.6500,21.6600,1,32,67,17,52,10,8,35,100,100
SZ,300446,2017-12-29 10:44:30,21.5600,2,4312.0000,2,S,21.5500,21.5400,21.5300,21.5200,21.5100,21.5600,21.6200,21.6300,21.6400,21.6500,32,67,17,52,5,4,10,8,35,100
SZ,300446,2017-12-29 10:44:36,21.5600,2,8624.0000,4,B,21.5500,21.5400,21.5300,21.5200,21.5100,21.5600,21.6200,21.6300,21.6400,21.6500,32,67,17,52,5,0,10,8,35,100
SZ,300446,2017-12-29 10:44:42,21.5600,1,1811.0000,1,B,21.5600,21.5500,21.5400,21.5300,21.5200,21.6200,21.6300,21.6400,21.6500,21.6600,2,32,67,17,52,10,8,35,100,100
SZ,300446,2017-12-29 10:44:45,21.5600,3,4312.0000,2,S,21.5600,21.5500,21.5400,21.5300,21.5200,21.6200,21.6300,21.6400,21.6500,21.6600,0,32,67,12,52,10,8,35,100,100
SZ,300446,2017-12-29 10:44:51,21.5500,1,8620.0000,4,S,21.5500,21.5400,21.5300,21.5200,21.5100,21.6200,21.6300,21.6400,21.6500,21.6600,28,67,12,52,5,10,8,35,100,100
SZ,300446,2017-12-29 10:45:30,21.5600,1,4312.0000,2,S,21.5600,21.5500,21.5400,21.5300,21.5200,21.6100,21.6200,21.6300,21.6400,21.6500,3,28,67,12,52,5,10,8,35,100
SZ,300446,2017-12-29 10:45:51,21.5500,2,30173.0000,14,S,21.5500,21.5400,21.5300,21.5200,21.5100,21.6100,21.6200,21.6300,21.6400,21.6500,17,67,12,52,38,5,10,8,35,100
SZ,300446,2017-12-29 10:46:18,21.5600,1,2156.0000,1,S,21.5500,21.5400,21.5300,21.5200,21.5100,21.6100,21.6200,21.6300,21.6400,21.6500,27,67,12,52,38,5,10,8,35,100
SZ,300446,2017-12-29 10:46:51,21.5600,1,2156.0000,1,S,21.5600,21.5500,21.5400,21.5300,21.5200,21.6100,21.6200,21.6300,21.6400,21.6500,39,27,67,14,57,5,10,8,35,100
SZ,300446,2017-12-29 10:47:03,21.5600,1,4312.0000,2,S,21.5600,21.5500,21.5400,21.5300,21.5200,21.6100,21.6200,21.6300,21.6400,21.6500,42,27,67,14,57,5,10,8,35,100
SZ,300446,2017-12-29 10:47:27,21.6100,1,10805.0000,5,B,21.6100,21.5600,21.5500,21.5400,21.5300,21.6200,21.6300,21.6400,21.6500,21.6600,14,42,27,67,14,10,8,35,100,100
SZ,300446,2017-12-29 10:47:33,21.6100,1,4322.0000,2,S,21.6100,21.5600,21.5500,21.5400,21.5300,21.6200,21.6300,21.6400,21.6500,21.6600,12,42,27,67,14,10,8,35,100,100
SZ,300446,2017-12-29 10:47:51,21.6100,1,2161.0000,1,S,21.6100,21.5600,21.5500,21.5400,21.5300,21.6200,21.6300,21.6400,21.6500,21.6600,11,42,27,67,14,10,8,35,20,100
SZ,300446,2017-12-29 10:47:57,21.6200,1,2162.0000,1,B,21.6100,21.5600,21.5500,21.5400,21.5300,21.6200,21.6300,21.6400,21.6500,21.6600,11,42,27,67,14,9,8,35,20,100
SZ,300446,2017-12-29 10:48:00,21.6200,1,2162.0000,1,B,21.6100,21.5600,21.5500,21.5400,21.5300,21.6200,21.6300,21.6400,21.6500,21.6600,11,42,27,67,14,8,8,35,20,100
SZ,300446,2017-12-29 10:48:06,21.6300,2,19459.0000,9,B,21.6100,21.5600,21.5500,21.5400,21.5300,21.6300,21.6400,21.6500,21.6600,21.6700,11,42,27,67,14,7,35,20,100,39
SZ,300446,2017-12-29 10:48:39,21.6100,1,4322.0000,2,S,21.6100,21.5600,21.5500,21.5400,21.5300,21.6300,21.6400,21.6500,21.6600,21.6700,9,42,27,67,14,7,35,17,100,39
SZ,300446,2017-12-29 10:48:51,21.6100,1,2161.0000,1,S,21.6100,21.5600,21.5500,21.5400,21.5300,21.6300,21.6400,21.6500,21.6600,21.6700,8,42,27,67,14,7,35,17,100,39
SZ,300446,2017-12-29 10:49:24,21.6100,1,2161.0000,1,S,21.6100,21.5600,21.5500,21.5400,21.5300,21.6300,21.6400,21.6500,21.6600,21.6700,7,37,27,67,14,7,30,17,100,39
SZ,300446,2017-12-29 10:49:51,21.6100,1,6483.0000,3,S,21.6100,21.5600,21.5500,21.5400,21.5300,21.6300,21.6400,21.6500,21.6600,21.6700,4,37,27,67,37,7,30,17,100,39
SZ,300446,2017-12-29 10:50:15,21.6100,1,4322.0000,2,S,21.6100,21.5600,21.5500,21.5400,21.5300,21.6300,21.6400,21.6500,21.6600,21.6700,2,37,27,67,37,7,30,17,100,39
SZ,300446,2017-12-29 10:50:21,21.6100,1,2161.0000,1,S,21.6100,21.5600,21.5500,21.5400,21.5300,21.6300,21.6400,21.6500,21.6600,21.6700,1,37,27,67,37,7,30,22,100,39
SZ,300446,2017-12-29 10:50:51,21.5600,2,17253.0000,8,S,21.5600,21.5500,21.5400,21.5300,21.5200,21.6300,21.6400,21.6500,21.6600,21.6700,30,27,67,37,57,7,30,22,100,39
SZ,300446,2017-12-29 10:50:57,21.5600,1,4312.0000,2,S,21.5600,21.5500,21.5400,21.5300,21.5200,21.6300,21.6400,21.6500,21.6600,21.6700,28,27,67,37,57,7,30,22,100,39
SZ,300446,2017-12-29 10:51:45,21.5600,1,2156.0000,1,S,21.5600,21.5500,21.5400,21.5300,21.5200,21.6300,21.6400,21.6500,21.6600,21.6700,27,27,67,37,57,7,30,22,100,39
SZ,300446,2017-12-29 10:51:51,21.5600,1,2156.0000,1,S,21.5600,21.5500,21.5400,21.5300,21.5200,21.6300,21.6400,21.6500,21.6600,21.6700,30,27,67,37,57,12,30,22,100,39
SZ,300446,2017-12-29 10:52:33,21.5600,1,4312.0000,2,S,21.5600,21.5500,21.5400,21.5300,21.5200,21.6000,21.6300,21.6400,21.6500,21.6600,28,22,67,37,57,10,12,30,22,100
SZ,300446,2017-12-29 10:52:51,21.6000,4,36684.0000,17,B,21.5700,21.5600,21.5500,21.5400,21.5300,21.6000,21.6300,21.6400,21.6500,21.6600,10,30,22,67,37,5,12,30,22,100
SZ,300446,2017-12-29 10:53:12,21.6000,2,6480.0000,3,B,21.5700,21.5600,21.5500,21.5400,21.5300,21.6000,21.6300,21.6400,21.6500,21.6600,10,30,22,67,37,2,12,30,22,100
SZ,300446,2017-12-29 10:53:18,21.5700,1,2157.0000,1,S,21.5700,21.5600,21.5500,21.5400,21.5300,21.6000,21.6300,21.6400,21.6500,21.6600,9,28,22,67,37,2,12,30,22,100
SZ,300446,2017-12-29 10:53:51,21.5700,1,10785.0000,5,S,21.5700,21.5600,21.5500,21.5400,21.5300,21.6000,21.6300,21.6400,21.6500,21.6600,4,33,22,67,37,2,12,30,22,100
SZ,300446,2017-12-29 10:54:06,21.5700,1,4314.0000,2,S,21.5700,21.5600,21.5500,21.5400,21.5300,21.6000,21.6300,21.6400,21.6500,21.6600,2,33,22,72,37,2,12,30,22,100
SZ,300446,2017-12-29 10:54:51,21.5700,3,15099.0000,7,S,21.5700,21.5600,21.5500,21.5400,21.5300,21.6000,21.6300,21.6400,21.6500,21.6600,45,33,17,72,37,2,12,30,22,100
SZ,300446,2017-12-29 10:54:54,21.5700,1,2157.0000,1,S,21.5700,21.5600,21.5500,21.5400,21.5300,21.6000,21.6300,21.6400,21.6500,21.6600,44,33,17,72,37,2,12,30,22,100
SZ,300446,2017-12-29 10:55:42,21.5700,1,4314.0000,2,S,21.5700,21.5600,21.5500,21.5400,21.5300,21.6000,21.6300,21.6400,21.6500,21.6600,42,29,17,72,37,2,12,30,22,100
SZ,300446,2017-12-29 10:55:51,21.5700,1,21570.0000,10,S,21.5700,21.5600,21.5500,21.5400,21.5300,21.6000,21.6300,21.6400,21.6500,21.6600,32,29,17,67,37,2,12,30,22,100
SZ,300446,2017-12-29 10:55:54,21.6000,1,4320.0000,2,B,21.6000,21.5700,21.5600,21.5500,21.5400,21.6300,21.6400,21.6500,21.6600,21.6700,2,32,29,17,67,12,30,22,100,39
SZ,300446,2017-12-29 10:56:27,21.6000,1,4320.0000,2,S,21.5700,21.5600,21.5500,21.5400,21.5300,21.6300,21.6400,21.6500,21.6600,21.6700,32,29,17,67,37,12,30,22,100,39
SZ,300446,2017-12-29 10:56:42,21.6000,1,2160.0000,1,S,21.5700,21.5600,21.5500,21.5400,21.5300,21.6000,21.6300,21.6400,21.6500,21.6600,32,29,17,67,37,3,12,30,22,100
SZ,300446,2017-12-29 10:56:51,21.5800,1,28054.0000,13,S,21.5800,21.5700,21.5600,21.5500,21.5400,21.6000,21.6300,21.6400,21.6500,21.6600,37,32,29,17,67,3,12,30,17,100
SZ,300446,2017-12-29 10:57:15,21.6000,2,6478.0000,3,B,21.5800,21.5700,21.5600,21.5500,21.5400,21.6000,21.6300,21.6400,21.6500,21.6600,36,32,29,17,67,1,12,30,17,100
SZ,300446,2017-12-29 10:57:48,21.5800,1,2158.0000,1,S,21.5800,21.5700,21.5600,21.5500,21.5400,21.6000,21.6200,21.6300,21.6400,21.6500,35,32,29,17,67,1,6,12,30,17
SZ,300446,2017-12-29 10:57:51,21.5800,1,34528.0000,16,S,21.5800,21.5700,21.5600,21.5500,21.5400,21.6000,21.6200,21.6300,21.6400,21.6500,19,32,29,17,67,1,6,12,30,17
SZ,300446,2017-12-29 10:58:06,21.5800,1,4316.0000,2,S,21.5800,21.5700,21.5600,21.5500,21.5400,21.6000,21.6200,21.6300,21.6400,21.6500,17,32,29,17,67,1,6,12,30,17
SZ,300446,2017-12-29 10:58:51,21.5800,1,2158.0000,1,S,21.5800,21.5700,21.5600,21.5500,21.5400,21.6000,21.6200,21.6300,21.6400,21.6500,16,32,29,17,67,1,6,12,30,17
SZ,300446,2017-12-29 10:59:39,21.5900,1,4318.0000,2,S,21.5900,21.5800,21.5700,21.5600,21.5500,21.6000,21.6200,21.6300,21.6400,21.6500,64,17,32,29,17,1,6,12,30,17
SZ,300446,2017-12-29 10:59:42,21.6000,1,2160.0000,1,B,21.5900,21.5800,21.5700,21.5600,21.5500,21.6200,21.6300,21.6400,21.6500,21.6600,64,17,32,29,17,6,12,30,17,100
SZ,300446,2017-12-29 10:59:51,21.5900,1,15113.0000,7,S,21.5900,21.5800,21.5700,21.5600,21.5500,21.6200,21.6300,21.6400,21.6500,21.6600,57,17,32,29,17,6,12,30,17,100
SZ,300446,2017-12-29 11:00:24,21.5900,1,4318.0000,2,S,21.5900,21.5800,21.5700,21.5600,21.5500,21.6200,21.6300,21.6400,21.6500,21.6600,55,16,32,29,17,6,12,25,17,100
SZ,300446,2017-12-29 11:00:51,21.5900,2,36718.0000,17,S,21.5900,21.5800,21.5700,21.5600,21.5500,21.6200,21.6300,21.6400,21.6500,21.6600,43,16,32,29,17,1,12,25,17,100
SZ,300446,2017-12-29 11:00:54,21.6400,8,82218.0000,38,B,21.6400,21.5900,21.5800,21.5700,21.5600,21.6500,21.6600,21.6700,21.6800,21.6900,5,43,16,32,29,17,100,39,128,51
SZ,300446,2017-12-29 11:01:09,21.6400,1,2164.0000,1,S,21.6400,21.5900,21.5800,21.5700,21.5600,21.6500,21.6600,21.6700,21.6800,21.6900,4,43,16,32,29,17,100,39,128,51
SZ,300446,2017-12-29 11:01:12,21.6400,1,8656.0000,4,S,21.5900,21.5800,21.5700,21.5600,21.5500,21.6400,21.6500,21.6600,21.6700,21.6800,43,16,32,29,17,1,17,100,39,128
SZ,300446,2017-12-29 11:01:18,21.6400,1,2164.0000,1,B,21.6400,21.5900,21.5800,21.5700,21.5600,21.6500,21.6600,21.6700,21.6800,21.6900,6,43,16,32,29,17,100,39,128,51
SZ,300446,2017-12-29 11:01:33,21.6400,1,10820.0000,5,S,21.6400,21.5900,21.5800,21.5700,21.5600,21.6500,21.6600,21.6700,21.6800,21.6900,1,43,16,32,5,17,100,39,128,51
SZ,300446,2017-12-29 11:01:51,21.5900,3,34567.0000,16,S,21.5900,21.5800,21.5700,21.5600,21.5500,21.6500,21.6600,21.6700,21.6800,21.6900,31,21,32,5,17,14,100,39,128,51
SZ,300446,2017-12-29 11:02:00,21.5900,1,4318.0000,2,S,21.5900,21.5800,21.5700,21.5600,21.5500,21.6500,21.6600,21.6700,21.6800,21.6900,29,21,32,5,17,14,100,39,128,51
SZ,300446,2017-12-29 11:02:45,21.5900,1,2159.0000,1,S,21.5900,21.5800,21.5700,21.5600,21.5500,21.6500,21.6600,21.6700,21.6800,21.6900,95,21,32,5,17,19,100,39,128,51
SZ,300446,2017-12-29 11:02:51,21.5900,1,30226.0000,14,S,21.5900,21.5800,21.5700,21.5600,21.5500,21.6500,21.6600,21.6700,21.6800,21.6900,81,21,32,5,17,19,100,39,128,51
SZ,300446,2017-12-29 11:03:21,21.5900,1,6477.0000,3,S,21.5900,21.5800,21.5700,21.5600,21.5500,21.6500,21.6600,21.6700,21.6800,21.6900,78,21,32,5,17,19,100,39,128,51
SZ,300446,2017-12-29 11:03:33,21.5900,1,4318.0000,2,S,21.5900,21.5800,21.5700,21.5600,21.5500,21.6500,21.6600,21.6700,21.6800,21.6900,76,21,32,5,17,19,100,39,128,51
SZ,300446,2017-12-29 11:03:45,21.6500,3,41135.0000,19,B,21.6500,21.5900,21.5800,21.5700,21.5600,21.6600,21.6700,21.6800,21.6900,21.7000,4,76,21,32,5,100,39,128,51,16
SZ,300446,2017-12-29 11:03:51,21.6500,1,2165.0000,1,S,21.6500,21.5900,21.5800,21.5700,21.5600,21.6600,21.6700,21.6800,21.6900,21.7000,3,76,21,32,5,100,39,128,51,16
SZ,300446,2017-12-29 11:04:15,21.6500,1,6495.0000,3,S,21.6000,21.5900,21.5800,21.5700,21.5600,21.6600,21.6700,21.6800,21.6900,21.7000,14,76,21,32,5,100,39,128,51,16
SZ,300446,2017-12-29 11:04:36,21.6500,1,2165.0000,1,B,21.6500,21.6000,21.5900,21.5800,21.5700,21.6600,21.6700,21.6800,21.6900,21.7000,50,14,25,21,32,100,39,128,51,16
SZ,300446,2017-12-29 11:05:06,21.6500,1,4330.0000,2,S,21.6500,21.6000,21.5900,21.5800,21.5700,21.6600,21.6700,21.6800,21.6900,21.7000,48,15,9,21,32,100,39,104,51,16
SZ,300446,2017-12-29 11:05:18,21.6500,1,21650.0000,10,S,21.6500,21.6000,21.5900,21.5800,21.5700,21.6600,21.6700,21.6800,21.6900,21.7000,38,1,9,21,32,100,39,104,51,16
SZ,300446,2017-12-29 11:05:21,21.6500,1,60620.0000,28,S,21.6500,21.6000,21.5900,21.5800,21.5700,21.6600,21.6700,21.6800,21.6900,21.7000,10,1,9,21,32,100,39,104,51,16
SZ,300446,2017-12-29 11:05:27,21.6500,4,8660.0000,4,S,21.6500,21.6000,21.5900,21.5800,21.5700,21.6600,21.6700,21.6800,21.6900,21.7000,6,1,9,21,32,100,39,104,51,16
SZ,300446,2017-12-29 11:05:33,21.6500,6,12990.0000,6,S,21.6000,21.5900,21.5800,21.5700,21.5600,21.6500,21.6600,21.6700,21.6800,21.6900,1,9,21,32,5,1,100,39,104,51
SZ,300446,2017-12-29 11:05:51,21.5900,2,8637.0000,4,S,21.5900,21.5800,21.5700,21.5600,21.5500,21.6000,21.6500,21.6600,21.6700,21.6800,6,21,32,5,17,2,10,100,39,104
SZ,300446,2017-12-29 11:06:00,21.6500,2,8650.0000,4,B,21.6000,21.5900,21.5800,21.5700,21.5600,21.6500,21.6600,21.6700,21.6800,21.6900,22,6,21,32,5,13,100,39,104,51
SZ,300446,2017-12-29 11:06:39,21.6200,1,2162.0000,1,S,21.6000,21.5900,21.5800,21.5700,21.5600,21.6500,21.6600,21.6700,21.6800,21.6900,22,6,21,32,5,27,100,39,104,51
SZ,300446,2017-12-29 11:06:51,21.6000,1,30240.0000,14,S,21.6000,21.5900,21.5800,21.5700,21.5600,21.6400,21.6500,21.6600,21.6700,21.6800,8,6,21,32,5,10,27,100,39,104
SZ,300446,2017-12-29 11:07:18,21.6000,1,10800.0000,5,S,21.6000,21.5900,21.5800,21.5700,21.5600,21.6400,21.6500,21.6600,21.6700,21.6800,4,6,21,32,5,10,32,100,39,104
SZ,300446,2017-12-29 11:07:30,21.6000,1,4320.0000,2,S,21.6000,21.5900,21.5800,21.5700,21.5600,21.6400,21.6500,21.6600,21.6700,21.6800,2,6,21,32,5,10,32,100,39,104
SZ,300446,2017-12-29 11:08:15,21.6000,1,2160.0000,1,S,21.6000,21.5900,21.5800,21.5700,21.5600,21.6400,21.6500,21.6600,21.6700,21.6800,1,6,21,32,5,10,32,100,39,104
SZ,300446,2017-12-29 11:08:51,21.6000,1,2160.0000,1,S,21.6000,21.5900,21.5800,21.5700,21.5600,21.6400,21.6500,21.6600,21.6700,21.6800,53,6,21,32,5,10,32,100,39,104
SZ,300446,2017-12-29 11:09:00,21.6000,1,4320.0000,2,S,21.6000,21.5900,21.5800,21.5700,21.5600,21.6400,21.6500,21.6600,21.6700,21.6800,51,6,21,32,5,10,32,100,39,104
SZ,300446,2017-12-29 11:09:51,21.6000,2,28080.0000,13,S,21.6000,21.5900,21.5800,21.5700,21.5600,21.6400,21.6500,21.6600,21.6700,21.6800,38,6,21,32,5,10,13,100,39,104
SZ,300446,2017-12-29 11:10:27,21.6600,5,64947.0000,30,B,21.6000,21.5900,21.5800,21.5700,21.5600,21.6600,21.6700,21.6800,21.6900,21.7000,38,6,26,32,5,93,39,104,51,16
SZ,300446,2017-12-29 11:10:33,21.6000,1,2160.0000,1,S,21.6000,21.5900,21.5800,21.5700,21.5600,21.6600,21.6700,21.6800,21.6900,21.7000,37,6,26,32,5,93,39,104,51,16
SZ,300446,2017-12-29 11:10:51,21.6000,1,12960.0000,6,S,21.6000,21.5900,21.5800,21.5700,21.5600,21.6600,21.6700,21.6800,21.6900,21.7000,31,6,26,32,5,93,39,104,51,16
SZ,300446,2017-12-29 11:11:24,21.6000,1,4320.0000,2,S,21.6000,21.5900,21.5800,21.5700,21.5600,21.6500,21.6600,21.6700,21.6800,21.6900,39,6,26,32,5,34,93,39,104,51
SZ,300446,2017-12-29 11:11:51,21.6000,1,17280.0000,8,S,21.6000,21.5800,21.5700,21.5600,21.5500,21.6500,21.6600,21.6700,21.6800,21.6900,31,26,32,5,17,34,93,39,104,51
SZ,300446,2017-12-29 11:12:12,21.6100,1,2161.0000,1,S,21.6100,21.6000,21.5800,21.5700,21.5600,21.6400,21.6500,21.6600,21.6700,21.6800,5,31,26,32,5,20,34,93,39,104
SZ,300446,2017-12-29 11:12:51,21.6000,2,38885.0000,18,S,21.6000,21.5800,21.5700,21.5600,21.5500,21.6400,21.6500,21.6600,21.6700,21.6800,18,26,32,5,17,20,34,93,39,104
SZ,300446,2017-12-29 11:13:00,21.6000,1,4320.0000,2,S,21.6000,21.5800,21.5700,21.5600,21.5500,21.6400,21.6500,21.6600,21.6700,21.6800,16,26,32,5,17,20,34,93,39,104
SZ,300446,2017-12-29 11:13:51,21.6100,1,2161.0000,1,S,21.6100,21.6000,21.5800,21.5700,21.5600,21.6400,21.6500,21.6600,21.6700,21.6800,25,16,26,32,5,20,34,93,39,104
SZ,300446,2017-12-29 11:13:54,21.6100,1,2161.0000,1,S,21.6100,21.6000,21.5800,21.5700,21.5600,21.6400,21.6500,21.6600,21.6700,21.6800,24,16,26,32,5,20,34,93,39,104
SZ,300446,2017-12-29 11:14:42,21.6400,1,43280.0000,20,B,21.6400,21.6100,21.6000,21.5800,21.5700,21.6500,21.6600,21.6700,21.6800,21.6900,19,24,16,26,32,19,94,45,104,51
SZ,300446,2017-12-29 11:14:51,21.6400,1,6492.0000,3,S,21.6400,21.6100,21.6000,21.5800,21.5700,21.6500,21.6600,21.6700,21.6800,21.6900,16,24,16,26,32,19,94,45,104,51
SZ,300446,2017-12-29 11:15:03,21.6400,1,4328.0000,2,S,21.6400,21.6100,21.6000,21.5800,21.5700,21.6500,21.6600,21.6700,21.6800,21.6900,14,24,16,26,32,19,94,45,104,51
SZ,300446,2017-12-29 11:15:18,21.6400,1,4328.0000,2,S,21.6400,21.6100,21.6000,21.5800,21.5700,21.6500,21.6600,21.6700,21.6800,21.6900,12,24,16,26,32,19,94,45,104,51
SZ,300446,2017-12-29 11:15:33,21.6400,1,8656.0000,4,S,21.6400,21.6100,21.6000,21.5800,21.5700,21.6500,21.6600,21.6700,21.6800,21.6900,8,24,16,26,32,19,94,45,104,51
SZ,300446,2017-12-29 11:15:42,21.6500,1,10825.0000,5,B,21.6400,21.6100,21.6000,21.5800,21.5700,21.6500,21.6600,21.6700,21.6800,21.6900,8,24,16,26,32,14,94,45,104,51
SZ,300446,2017-12-29 11:15:51,21.6400,1,17312.0000,8,S,21.6100,21.6000,21.5800,21.5700,21.5600,21.6500,21.6600,21.6700,21.6800,21.6900,24,16,26,32,5,14,94,45,104,51
SZ,300446,2017-12-29 11:16:03,21.6100,1,2161.0000,1,S,21.6100,21.6000,21.5800,21.5700,21.5600,21.6500,21.6600,21.6700,21.6800,21.6900,23,16,26,32,5,14,94,45,104,51
SZ,300446,2017-12-29 11:16:51,21.6100,1,17288.0000,8,S,21.6100,21.6000,21.5800,21.5700,21.5600,21.6500,21.6600,21.6700,21.6800,21.6900,15,16,26,32,5,14,94,45,104,51
SZ,300446,2017-12-29 11:16:54,21.6100,1,4322.0000,2,S,21.6100,21.6000,21.5800,21.5700,21.5600,21.6500,21.6600,21.6700,21.6800,21.6900,13,16,26,32,5,14,93,45,104,51
SZ,300446,2017-12-29 11:17:48,21.6100,1,2161.0000,1,S,21.6100,21.6000,21.5800,21.5700,21.5600,21.6500,21.6600,21.6700,21.6800,21.6900,12,16,26,32,5,14,93,45,104,51
SZ,300446,2017-12-29 11:17:51,21.6100,1,21610.0000,10,S,21.6100,21.6000,21.5800,21.5700,21.5600,21.6400,21.6500,21.6600,21.6700,21.6800,2,16,26,32,5,10,14,93,45,104
SZ,300446,2017-12-29 11:18:27,21.6100,1,4322.0000,2,S,21.6000,21.5800,21.5700,21.5600,21.5500,21.6400,21.6500,21.6600,21.6700,21.6800,16,26,32,5,17,15,14,93,45,104
SZ,300446,2017-12-29 11:18:51,21.6000,1,4320.0000,2,S,21.6000,21.5800,21.5700,21.5600,21.5500,21.6400,21.6500,21.6600,21.6700,21.6800,14,26,32,5,17,15,14,93,45,104
SZ,300446,2017-12-29 11:19:27,21.6000,1,2160.0000,1,S,21.6000,21.5800,21.5700,21.5600,21.5500,21.6400,21.6500,21.6600,21.6700,21.6800,13,21,32,5,17,15,15,93,45,104
SZ,300446,2017-12-29 11:19:51,21.6000,1,4320.0000,2,S,21.6100,21.6000,21.5800,21.5700,21.5600,21.6400,21.6500,21.6600,21.6700,21.6800,50,11,21,32,5,15,42,93,45,104
SZ,300446,2017-12-29 11:20:03,21.6100,1,4322.0000,2,S,21.6100,21.6000,21.5800,21.5700,21.5600,21.6400,21.6500,21.6600,21.6700,21.6800,48,11,21,32,5,15,42,93,45,104
SZ,300446,2017-12-29 11:20:48,21.6300,1,4326.0000,2,S,21.6300,21.6100,21.6000,21.5800,21.5700,21.6400,21.6500,21.6600,21.6700,21.6800,5,48,11,21,32,15,42,93,45,104
SZ,300446,2017-12-29 11:20:51,21.6100,2,15137.0000,7,S,21.6100,21.6000,21.5800,21.5700,21.5600,21.6400,21.6500,21.6600,21.6700,21.6800,46,11,21,32,5,15,42,93,45,104
SZ,300446,2017-12-29 11:21:39,21.6100,1,2161.0000,1,S,21.6100,21.6000,21.5800,21.5700,21.5600,21.6400,21.6500,21.6600,21.6700,21.6800,45,11,21,32,5,15,42,93,45,104
SZ,300446,2017-12-29 11:21:51,21.6100,1,17288.0000,8,S,21.6100,21.6000,21.5800,21.5700,21.5600,21.6400,21.6500,21.6600,21.6700,21.6800,37,11,21,32,5,15,42,93,45,104
SZ,300446,2017-12-29 11:22:21,21.6100,1,4322.0000,2,S,21.6100,21.6000,21.5800,21.5700,21.5600,21.6400,21.6500,21.6600,21.6700,21.6800,35,11,21,32,5,15,42,93,45,104
SZ,300446,2017-12-29 11:22:51,21.6100,1,30254.0000,14,S,21.6100,21.6000,21.5800,21.5700,21.5600,21.6400,21.6500,21.6600,21.6700,21.6800,21,11,21,32,5,15,42,93,45,104
SZ,300446,2017-12-29 11:23:06,21.6100,1,2161.0000,1,S,21.6100,21.6000,21.5800,21.5700,21.5600,21.6400,21.6500,21.6600,21.6700,21.6800,20,11,21,32,5,15,42,93,45,104
SZ,300446,2017-12-29 11:23:45,21.6400,1,2164.0000,1,B,21.6100,21.6000,21.5800,21.5700,21.5600,21.6400,21.6500,21.6600,21.6700,21.6800,20,11,21,32,5,14,42,93,45,104
SZ,300446,2017-12-29 11:23:51,21.6100,1,25932.0000,12,S,21.6100,21.6000,21.5800,21.5700,21.5600,21.6400,21.6500,21.6600,21.6700,21.6800,8,11,21,32,5,14,42,93,45,104
SZ,300446,2017-12-29 11:24:06,21.6100,1,4322.0000,2,S,21.6100,21.6000,21.5800,21.5700,21.5600,21.6400,21.6500,21.6600,21.6700,21.6800,6,11,21,32,5,14,42,93,45,104
SZ,300446,2017-12-29 11:24:42,21.6100,1,4322.0000,2,S,21.6100,21.6000,21.5800,21.5700,21.5600,21.6400,21.6500,21.6600,21.6700,21.6800,4,11,21,32,5,14,42,93,45,104
SZ,300446,2017-12-29 11:24:51,21.6100,1,8644.0000,4,S,21.6000,21.5800,21.5700,21.5600,21.5500,21.6400,21.6500,21.6600,21.6700,21.6800,11,21,32,5,17,14,42,93,45,104
SZ,300446,2017-12-29 11:25:30,21.6000,1,2160.0000,1,S,21.6000,21.5800,21.5700,21.5600,21.5500,21.6400,21.6500,21.6600,21.6700,21.6800,10,21,32,10,17,14,42,93,45,104
SZ,300446,2017-12-29 11:25:51,21.6000,1,12960.0000,6,S,21.6000,21.5800,21.5700,21.5600,21.5500,21.6400,21.6500,21.6600,21.6700,21.6800,4,21,32,10,17,14,42,93,45,104
SZ,300446,2017-12-29 11:26:36,21.6000,1,4320.0000,2,S,21.6000,21.5800,21.5700,21.5600,21.5500,21.6400,21.6500,21.6600,21.6700,21.6800,12,21,32,10,17,14,42,93,45,104
SZ,300446,2017-12-29 11:26:51,21.6000,2,19440.0000,9,S,21.6000,21.5800,21.5700,21.5600,21.5500,21.6400,21.6500,21.6600,21.6700,21.6800,13,21,32,10,17,14,42,93,45,104
SZ,300446,2017-12-29 11:27:00,21.6000,2,15120.0000,7,S,21.6000,21.5800,21.5700,21.5600,21.5500,21.6400,21.6500,21.6600,21.6700,21.6800,6,21,32,10,17,14,42,93,45,104
SZ,300446,2017-12-29 11:27:03,21.6200,1,2162.0000,1,B,21.6200,21.6000,21.5800,21.5700,21.5600,21.6400,21.6500,21.6600,21.6700,21.6800,45,6,21,32,10,14,42,93,45,104
SZ,300446,2017-12-29 11:27:30,21.6400,2,30296.0000,14,B,21.6400,21.6200,21.6000,21.5800,21.5700,21.6500,21.6600,21.6700,21.6800,21.6900,36,45,6,21,32,42,93,45,104,51
SZ,300446,2017-12-29 11:27:51,21.6400,1,23804.0000,11,S,21.6400,21.6200,21.6000,21.5800,21.5700,21.6500,21.6600,21.6700,21.6800,21.6900,25,45,6,21,32,42,93,49,104,51
SZ,300446,2017-12-29 11:27:54,21.6400,1,4328.0000,2,S,21.6400,21.6200,21.6000,21.5800,21.5700,21.6500,21.6600,21.6700,21.6800,21.6900,23,45,6,21,32,42,93,49,104,51
SZ,300446,2017-12-29 11:28:39,21.6400,1,2164.0000,1,S,21.6400,21.6200,21.6100,21.6000,21.5800,21.6500,21.6600,21.6700,21.6800,21.6900,27,45,32,6,21,42,93,49,104,51
SZ,300446,2017-12-29 11:28:45,21.6400,2,58428.0000,27,S,21.6200,21.6100,21.6000,21.5800,21.5700,21.6400,21.6500,21.6600,21.6700,21.6800,45,32,6,21,32,23,42,93,49,104
SZ,300446,2017-12-29 11:28:51,21.6200,1,32430.0000,15,S,21.6200,21.6100,21.6000,21.5800,21.5700,21.6400,21.6500,21.6600,21.6700,21.6800,30,32,6,21,32,38,42,93,49,104
SZ,300446,2017-12-29 11:29:15,21.6400,2,82232.0000,38,B,21.6400,21.6200,21.6100,21.6000,21.5800,21.6500,21.6600,21.6700,21.6800,21.6900,2,33,32,6,21,42,93,49,104,51
SZ,300446,2017-12-29 11:29:27,21.6400,1,4328.0000,2,S,21.6200,21.6100,21.6000,21.5800,21.5700,21.6500,21.6600,21.6700,21.6800,21.6900,33,32,6,21,32,42,93,49,104,51
SZ,300446,2017-12-29 11:29:42,21.6500,1,6495.0000,3,B,21.6300,21.6200,21.6100,21.6000,21.5800,21.6500,21.6600,21.6700,21.6800,21.6900,18,33,32,6,21,39,93,49,104,51
SZ,300446,2017-12-29 11:29:51,21.6500,4,116880.0000,54,B,21.6500,21.6300,21.6200,21.6100,21.6000,21.6600,21.6700,21.6800,21.6900,21.7000,22,3,33,32,6,93,49,104,51,16
SZ,300446,2017-12-29 13:00:03,21.6500,1,47630.0000,22,S,21.6300,21.6200,21.6100,21.6000,21.5800,21.6500,21.6600,21.6700,21.6800,21.6900,3,33,32,6,21,69,93,49,104,51
SZ,300446,2017-12-29 13:00:06,21.6600,10,493775.0000,228,B,21.6600,21.6500,21.6300,21.6200,21.6100,21.6700,21.6800,21.6900,21.7000,21.7100,194,18,3,33,32,23,104,51,26,37
SZ,300446,2017-12-29 13:00:09,21.6600,1,4332.0000,2,S,21.6600,21.6500,21.6300,21.6200,21.6100,21.6700,21.6800,21.6900,21.7000,21.7100,192,41,3,33,32,23,104,51,26,37
SZ,300446,2017-12-29 13:00:12,21.6700,4,8668.0000,4,B,21.6600,21.6500,21.6300,21.6200,21.6100,21.6700,21.6800,21.6900,21.7000,21.7100,192,41,3,33,32,19,104,51,26,37
SZ,300446,2017-12-29 13:00:15,21.6700,1,2167.0000,1,B,21.6600,21.6500,21.6300,21.6200,21.6100,21.6700,21.6800,21.6900,21.7000,21.7100,192,41,3,33,32,18,104,51,26,37
SZ,300446,2017-12-29 13:00:36,21.6700,1,2167.0000,1,B,21.6600,21.6500,21.6300,21.6200,21.6100,21.6700,21.6800,21.6900,21.7000,21.7100,192,41,3,33,32,11,104,51,26,37
SZ,300446,2017-12-29 13:00:51,21.6600,4,32493.0000,15,S,21.6600,21.6500,21.6300,21.6200,21.6100,21.6700,21.6800,21.6900,21.7000,21.7100,180,41,3,33,32,8,104,51,26,37
SZ,300446,2017-12-29 13:00:57,21.6600,1,2166.0000,1,S,21.6600,21.6500,21.6300,21.6200,21.6100,21.6700,21.6800,21.6900,21.7000,21.7100,179,41,3,33,32,15,104,51,26,37
SZ,300446,2017-12-29 13:01:24,21.6700,2,32505.0000,15,B,21.6600,21.6500,21.6300,21.6200,21.6100,21.6800,21.6900,21.7000,21.7100,21.7200,179,41,3,33,32,104,51,26,37,55
SZ,300446,2017-12-29 13:01:51,21.6600,3,34662.0000,16,S,21.6600,21.6500,21.6300,21.6200,21.6100,21.6800,21.6900,21.7000,21.7100,21.7200,169,41,3,33,32,104,51,26,37,55
SZ,300446,2017-12-29 13:02:12,21.6800,2,30352.0000,14,B,21.6600,21.6500,21.6300,21.6200,21.6100,21.6800,21.6900,21.7000,21.7100,21.7200,169,41,3,42,32,90,51,26,37,45
SZ,300446,2017-12-29 13:02:21,21.6800,4,17344.0000,8,B,21.6600,21.6500,21.6300,21.6200,21.6100,21.6800,21.6900,21.7000,21.7100,21.7200,169,41,3,42,32,82,51,26,37,45
SZ,300446,2017-12-29 13:02:33,21.6800,1,8672.0000,4,B,21.6600,21.6500,21.6300,21.6200,21.6100,21.6800,21.6900,21.7000,21.7100,21.7200,169,41,3,42,32,78,51,26,37,45
SZ,300446,2017-12-29 13:02:39,21.6800,1,10840.0000,5,B,21.6600,21.6500,21.6300,21.6200,21.6100,21.6800,21.6900,21.7000,21.7100,21.7200,169,41,3,42,32,73,51,27,37,45
SZ,300446,2017-12-29 13:02:45,21.6800,1,30352.0000,14,B,21.6600,21.6500,21.6300,21.6200,21.6100,21.6800,21.6900,21.7000,21.7100,21.7200,169,41,3,42,32,59,51,27,30,45
SZ,300446,2017-12-29 13:02:48,21.6800,5,56366.0000,26,B,21.6600,21.6500,21.6300,21.6200,21.6100,21.6800,21.6900,21.7000,21.7100,21.7200,168,41,3,42,32,34,51,27,30,45
SZ,300446,2017-12-29 13:02:51,21.6600,1,34656.0000,16,S,21.6600,21.6500,21.6300,21.6200,21.6100,21.6800,21.6900,21.7000,21.7100,21.7200,152,41,3,42,32,34,51,27,30,45
SZ,300446,2017-12-29 13:02:57,21.6800,1,21680.0000,10,B,21.6600,21.6500,21.6300,21.6200,21.6100,21.6800,21.6900,21.7000,21.7100,21.7200,152,41,3,42,32,24,51,27,30,45
SZ,300446,2017-12-29 13:03:18,21.6700,1,4334.0000,2,S,21.6700,21.6600,21.6500,21.6300,21.6200,21.6800,21.6900,21.7000,21.7100,21.7200,8,152,41,3,42,24,51,27,30,45
SZ,300446,2017-12-29 13:03:51,21.6700,1,2167.0000,1,S,21.6700,21.6600,21.6500,21.6300,21.6200,21.6800,21.6900,21.7000,21.7100,21.7200,11,152,41,3,42,24,51,27,35,45
SZ,300446,2017-12-29 13:04:06,21.6700,3,23837.0000,11,S,21.6600,21.6500,21.6300,21.6200,21.6100,21.6700,21.6800,21.6900,21.7000,21.7100,152,41,3,42,32,6,28,51,27,35
SZ,300446,2017-12-29 13:04:51,21.6700,1,13002.0000,6,B,21.6600,21.6500,21.6300,21.6200,21.6100,21.6800,21.6900,21.7000,21.7100,21.7200,152,41,3,42,32,28,51,27,35,45
SZ,300446,2017-12-29 13:04:57,21.6800,2,17340.0000,8,B,21.6600,21.6500,21.6300,21.6200,21.6100,21.6800,21.6900,21.7000,21.7100,21.7200,150,41,3,42,32,22,51,27,35,45
SZ,300446,2017-12-29 13:05:03,21.6800,2,32520.0000,15,B,21.6600,21.6500,21.6300,21.6200,21.6100,21.6800,21.6900,21.7000,21.7100,21.7200,150,41,3,42,32,7,51,27,35,45
SZ,300446,2017-12-29 13:05:12,21.6800,3,15176.0000,7,B,21.6600,21.6500,21.6300,21.6200,21.6100,21.6900,21.7000,21.7100,21.7200,21.7300,150,41,3,42,32,51,27,35,45,2
SZ,300446,2017-12-29 13:05:42,21.6600,1,4332.0000,2,S,21.6600,21.6500,21.6300,21.6200,21.6100,21.6900,21.7000,21.7100,21.7200,21.7300,148,41,3,42,32,51,27,35,45,2
SZ,300446,2017-12-29 13:05:51,21.6600,1,6498.0000,3,S,21.6600,21.6500,21.6300,21.6200,21.6100,21.6900,21.7000,21.7100,21.7200,21.7300,145,41,3,42,32,51,27,25,45,2
SZ,300446,2017-12-29 13:06:27,21.6600,1,2166.0000,1,S,21.6600,21.6500,21.6300,21.6200,21.6100,21.6800,21.6900,21.7000,21.7100,21.7200,144,41,3,42,32,11,51,27,25,45
SZ,300446,2017-12-29 13:06:51,21.6600,1,12996.0000,6,S,21.6600,21.6500,21.6300,21.6200,21.6100,21.6800,21.6900,21.7000,21.7100,21.7200,138,41,3,52,32,11,51,27,25,45
SZ,300446,2017-12-29 13:07:27,21.6600,1,4332.0000,2,S,21.6600,21.6500,21.6300,21.6200,21.6100,21.6800,21.6900,21.7000,21.7100,21.7200,136,41,3,52,32,11,51,27,25,45
SZ,300446,2017-12-29 13:08:03,21.6600,1,2166.0000,1,S,21.6600,21.6500,21.6300,21.6200,21.6100,21.6800,21.6900,21.7000,21.7100,21.7200,140,41,3,52,32,11,51,27,25,45
SZ,300446,2017-12-29 13:08:48,21.6700,1,4334.0000,2,S,21.6700,21.6600,21.6500,21.6300,21.6200,21.6800,21.6900,21.7000,21.7100,21.7200,3,140,41,3,22,11,51,27,25,45
SZ,300446,2017-12-29 13:09:36,21.6800,1,4336.0000,2,S,21.6800,21.6700,21.6600,21.6500,21.6300,21.6900,21.7000,21.7100,21.7200,21.7300,28,3,140,41,3,51,27,25,45,40
SZ,300446,2017-12-29 13:09:45,21.6800,1,23848.0000,11,S,21.6800,21.6700,21.6600,21.6500,21.6300,21.6900,21.7000,21.7100,21.7200,21.7300,17,3,140,41,3,51,27,30,45,40
SZ,300446,2017-12-29 13:09:51,21.6800,1,2168.0000,1,S,21.6800,21.6700,21.6600,21.6500,21.6300,21.6900,21.7000,21.7100,21.7200,21.7300,16,3,140,41,3,51,27,30,45,40
SZ,300446,2017-12-29 13:10:15,21.6900,3,43380.0000,20,B,21.6800,21.6700,21.6600,21.6500,21.6300,21.6900,21.7000,21.7100,21.7200,21.7300,21,3,140,41,3,31,27,45,45,40
SZ,300446,2017-12-29 13:10:21,21.6800,1,2168.0000,1,S,21.6800,21.6700,21.6600,21.6500,21.6300,21.6900,21.7000,21.7100,21.7200,21.7300,20,3,140,41,3,31,27,45,45,40
SZ,300446,2017-12-29 13:10:51,21.6900,2,26018.0000,12,B,21.6800,21.6700,21.6600,21.6500,21.6300,21.6900,21.7000,21.7100,21.7200,21.7300,10,3,140,41,13,31,27,40,45,40
SZ,300446,2017-12-29 13:11:00,21.6900,1,2169.0000,1,B,21.6800,21.6700,21.6600,21.6500,21.6300,21.6900,21.7000,21.7100,21.7200,21.7300,10,3,140,41,13,30,27,40,45,40
SZ,300446,2017-12-29 13:11:15,21.6800,1,10840.0000,5,S,21.6800,21.6700,21.6600,21.6500,21.6300,21.6900,21.7000,21.7100,21.7200,21.7300,5,3,140,41,13,30,27,40,45,62
SZ,300446,2017-12-29 13:11:21,21.6800,2,10840.0000,5,S,21.6700,21.6600,21.6500,21.6300,21.6200,21.6800,21.6900,21.7000,21.7100,21.7200,3,140,41,13,22,17,30,27,40,45
SZ,300446,2017-12-29 13:11:51,21.6600,2,17331.0000,8,S,21.6600,21.6500,21.6300,21.6200,21.6000,21.6800,21.6900,21.7000,21.7100,21.7200,135,41,13,22,7,17,30,27,40,45
SZ,300446,2017-12-29 13:12:03,21.6600,1,2166.0000,1,S,21.6600,21.6500,21.6300,21.6200,21.6000,21.6800,21.6900,21.7000,21.7100,21.7200,134,41,13,22,7,17,30,27,40,45
SZ,300446,2017-12-29 13:12:45,21.6600,1,4332.0000,2,S,21.6600,21.6500,21.6300,21.6200,21.6000,21.6800,21.6900,21.7000,21.7100,21.7200,132,41,3,22,7,19,40,32,50,45
SZ,300446,2017-12-29 13:12:51,21.6600,1,23826.0000,11,S,21.6600,21.6500,21.6300,21.6200,21.6000,21.6800,21.6900,21.7000,21.7100,21.7200,123,41,3,22,7,19,40,32,50,45
SZ,300446,2017-12-29 13:13:30,21.6700,1,2167.0000,1,S,21.6700,21.6600,21.6500,21.6300,21.6200,21.6800,21.6900,21.7000,21.7100,21.7200,9,123,41,3,13,19,40,32,50,45
SZ,300446,2017-12-29 13:13:51,21.6700,1,2167.0000,1,S,21.6700,21.6600,21.6500,21.6300,21.6200,21.6800,21.6900,21.7000,21.7100,21.7200,18,127,41,3,13,19,40,32,50,45
SZ,300446,2017-12-29 13:14:18,21.6700,1,4334.0000,2,S,21.6700,21.6600,21.6500,21.6300,21.6200,21.6800,21.6900,21.7000,21.7100,21.7200,16,132,41,3,13,19,40,32,50,45
SZ,300446,2017-12-29 13:14:51,21.6700,1,13002.0000,6,S,21.6700,21.6600,21.6500,21.6300,21.6200,21.6800,21.6900,21.7000,21.7100,21.7200,10,132,41,3,13,19,40,32,50,45
SZ,300446,2017-12-29 13:15:00,21.6600,3,95314.0000,44,S,21.6600,21.6500,21.6300,21.6200,21.6000,21.6800,21.6900,21.7000,21.7100,21.7200,98,41,3,13,7,19,40,32,50,45
SZ,300446,2017-12-29 13:15:30,21.6600,1,4332.0000,2,S,21.6600,21.6500,21.6300,21.6200,21.6000,21.6700,21.6800,21.6900,21.7000,21.7100,121,41,3,13,7,2,19,40,32,50
SZ,300446,2017-12-29 13:15:45,21.6600,1,71478.0000,33,S,21.6600,21.6500,21.6300,21.6200,21.6000,21.6700,21.6800,21.6900,21.7000,21.7100,88,41,3,13,7,2,19,40,31,50
SZ,300446,2017-12-29 13:15:51,21.6600,1,12996.0000,6,S,21.6600,21.6500,21.6300,21.6200,21.6000,21.6700,21.6800,21.6900,21.7000,21.7100,82,41,3,13,7,2,19,40,31,50
SZ,300446,2017-12-29 13:16:00,21.6600,1,6498.0000,3,S,21.6600,21.6500,21.6300,21.6200,21.6000,21.6700,21.6800,21.6900,21.7000,21.7100,79,41,3,13,7,2,20,40,31,50
SZ,300446,2017-12-29 13:16:03,21.6600,1,2166.0000,1,S,21.6600,21.6500,21.6300,21.6200,21.6000,21.6700,21.6800,21.6900,21.7000,21.7100,76,41,3,13,7,2,20,40,31,50
SZ,300446,2017-12-29 13:16:09,21.6600,1,6498.0000,3,S,21.6600,21.6500,21.6300,21.6200,21.6000,21.6700,21.6800,21.6900,21.7000,21.7100,73,41,3,13,7,2,20,40,31,50
SZ,300446,2017-12-29 13:16:12,21.6600,1,43320.0000,20,S,21.6600,21.6500,21.6300,21.6200,21.6000,21.6700,21.6800,21.6900,21.7000,21.7100,53,41,3,13,7,2,20,40,31,50
SZ,300446,2017-12-29 13:16:30,21.6600,2,32490.0000,15,S,21.6600,21.6500,21.6300,21.6200,21.6000,21.6800,21.6900,21.7000,21.7100,21.7200,38,41,3,13,7,23,40,31,50,45
SZ,300446,2017-12-29 13:16:51,21.6600,3,19494.0000,9,S,21.6600,21.6500,21.6300,21.6200,21.6000,21.6800,21.6900,21.7000,21.7100,21.7200,29,41,3,13,7,23,40,31,50,45
SZ,300446,2017-12-29 13:16:57,21.6600,1,4332.0000,2,S,21.6600,21.6500,21.6300,21.6200,21.6000,21.6800,21.6900,21.7000,21.7100,21.7200,27,41,3,13,7,23,40,31,50,45
SZ,300446,2017-12-29 13:17:27,21.6600,1,2166.0000,1,S,21.6600,21.6500,21.6300,21.6200,21.6000,21.6800,21.6900,21.7000,21.7100,21.7200,26,41,3,13,7,23,40,26,50,45
SZ,300446,2017-12-29 13:17:51,21.6600,2,21660.0000,10,S,21.6600,21.6500,21.6300,21.6200,21.6000,21.6800,21.6900,21.7000,21.7100,21.7200,21,41,3,13,7,23,40,26,50,45
SZ,300446,2017-12-29 13:18:03,21.6600,1,21660.0000,10,S,21.6600,21.6500,21.6300,21.6200,21.6000,21.6800,21.6900,21.7000,21.7100,21.7200,11,41,3,13,7,23,40,26,50,45
SZ,300446,2017-12-29 13:18:24,21.6600,1,4332.0000,2,S,21.6600,21.6500,21.6300,21.6200,21.6000,21.6800,21.6900,21.7000,21.7100,21.7200,9,41,3,13,7,23,40,26,50,45
SZ,300446,2017-12-29 13:18:27,21.6600,2,19494.0000,9,S,21.6500,21.6300,21.6200,21.6000,21.5800,21.6600,21.6800,21.6900,21.7000,21.7100,41,3,13,7,21,1,23,40,26,50
SZ,300446,2017-12-29 13:18:51,21.6500,1,32475.0000,15,S,21.6500,21.6300,21.6200,21.6000,21.5800,21.6600,21.6800,21.6900,21.7000,21.7100,26,3,13,7,21,1,23,40,26,50
SZ,300446,2017-12-29 13:19:00,21.6500,1,4330.0000,2,S,21.6500,21.6300,21.6200,21.6000,21.5800,21.6600,21.6800,21.6900,21.7000,21.7100,24,3,13,7,21,1,23,40,26,50
SZ,300446,2017-12-29 13:19:33,21.6600,1,2166.0000,1,B,21.6600,21.6500,21.6300,21.6200,21.6000,21.6800,21.6900,21.7000,21.7100,21.7200,22,24,3,13,7,23,40,26,50,45
SZ,300446,2017-12-29 13:19:51,21.6600,2,34656.0000,16,S,21.6600,21.6500,21.6300,21.6200,21.6000,21.6800,21.6900,21.7000,21.7100,21.7200,6,52,3,13,7,23,40,26,50,45
SZ,300446,2017-12-29 13:20:51,21.6600,1,10830.0000,5,S,21.6600,21.6500,21.6300,21.6200,21.6000,21.6700,21.6800,21.6900,21.7000,21.7100,1,52,3,13,7,18,29,40,26,50
SZ,300446,2017-12-29 13:20:54,21.6600,1,2166.0000,1,S,21.6500,21.6300,21.6200,21.6000,21.5800,21.6600,21.6700,21.6800,21.6900,21.7000,52,3,13,7,21,1,18,29,40,26
SZ,300446,2017-12-29 13:21:21,21.6500,1,2165.0000,1,S,21.6500,21.6300,21.6200,21.6000,21.5800,21.6600,21.6700,21.6800,21.6900,21.7000,51,3,13,7,21,1,18,29,40,26
SZ,300446,2017-12-29 13:21:51,21.6500,1,19485.0000,9,S,21.6500,21.6300,21.6200,21.6000,21.5800,21.6600,21.6700,21.6800,21.6900,21.7000,42,3,13,7,21,1,18,29,40,26
SZ,300446,2017-12-29 13:22:18,21.6500,1,4330.0000,2,S,21.6500,21.6300,21.6200,21.6000,21.5800,21.6700,21.6800,21.6900,21.7000,21.7100,40,3,13,7,21,18,29,40,26,50
SZ,300446,2017-12-29 13:22:51,21.6600,1,21660.0000,10,S,21.6500,21.6300,21.6200,21.6000,21.5800,21.6700,21.6800,21.6900,21.7000,21.7100,40,3,13,7,21,18,29,40,26,50
SZ,300446,2017-12-29 13:23:48,21.6500,1,4330.0000,2,S,21.6500,21.6300,21.6200,21.6000,21.5800,21.6600,21.6700,21.6800,21.6900,21.7000,38,3,13,7,21,1,48,29,40,26
SZ,300446,2017-12-29 13:23:51,21.6500,2,30310.0000,14,S,21.6500,21.6300,21.6200,21.6000,21.5800,21.6600,21.6700,21.6800,21.6900,21.7000,24,3,13,7,21,1,48,29,40,26
SZ,300446,2017-12-29 13:24:45,21.6500,1,4330.0000,2,S,21.6500,21.6300,21.6200,21.6000,21.5800,21.6700,21.6800,21.6900,21.7000,21.7100,22,3,13,7,21,58,29,40,26,50
SZ,300446,2017-12-29 13:24:51,21.6500,1,36805.0000,17,S,21.6500,21.6300,21.6200,21.6000,21.5800,21.6700,21.6800,21.6900,21.7000,21.7100,5,3,13,7,21,58,29,40,26,50
SZ,300446,2017-12-29 13:25:03,21.6500,1,2165.0000,1,S,21.6500,21.6300,21.6200,21.6000,21.5800,21.6700,21.6800,21.6900,21.7000,21.7100,4,3,13,7,21,40,29,40,26,50
SZ,300446,2017-12-29 13:25:21,21.6500,1,2165.0000,1,S,21.6500,21.6300,21.6200,21.6000,21.5800,21.6700,21.6800,21.6900,21.7000,21.7100,5,3,13,7,21,40,29,40,26,50
SZ,300446,2017-12-29 13:26:12,21.6500,1,4330.0000,2,S,21.6500,21.6300,21.6200,21.6000,21.5800,21.6700,21.6800,21.6900,21.7000,21.7100,3,3,13,7,21,40,29,40,26,50
SZ,300446,2017-12-29 13:26:51,21.6300,3,12984.0000,6,S,21.6200,21.6000,21.5800,21.5700,21.5600,21.6300,21.6700,21.6800,21.6900,21.7000,13,7,23,39,28,4,40,29,40,26
SZ,300446,2017-12-29 13:27:00,21.6300,1,8652.0000,4,B,21.6200,21.6000,21.5800,21.5700,21.5600,21.6700,21.6800,21.6900,21.7000,21.7100,13,7,23,39,28,40,29,40,26,50
SZ,300446,2017-12-29 13:27:45,21.6300,1,4326.0000,2,S,21.6300,21.6200,21.6000,21.5800,21.5700,21.6600,21.6700,21.6800,21.6900,21.7000,8,13,7,23,39,20,40,29,40,26
SZ,300446,2017-12-29 13:27:51,21.6400,1,21640.0000,10,B,21.6300,21.6200,21.6000,21.5800,21.5700,21.6600,21.6700,21.6800,21.6900,21.7000,8,13,7,23,39,20,40,29,40,26
SZ,300446,2017-12-29 13:28:42,21.6300,1,2163.0000,1,S,21.6300,21.6200,21.6000,21.5800,21.5700,21.6600,21.6700,21.6800,21.6900,21.7000,7,13,7,23,39,25,40,29,40,26
SZ,300446,2017-12-29 13:28:51,21.6200,3,28113.0000,13,S,21.6200,21.6000,21.5800,21.5700,21.5600,21.6600,21.6700,21.6800,21.6900,21.7000,7,7,23,39,28,25,40,29,40,26
SZ,300446,2017-12-29 13:29:27,21.6200,1,4324.0000,2,S,21.6200,21.6000,21.5800,21.5700,21.5600,21.6600,21.6700,21.6800,21.6900,21.7000,5,7,23,39,28,25,40,29,40,26
SZ,300446,2017-12-29 13:29:51,21.6000,3,25930.0000,12,S,21.5800,21.5700,21.5600,21.5500,21.5400,21.6000,21.6600,21.6700,21.6800,21.6900,23,39,28,12,77,5,25,40,29,40
SZ,300446,2017-12-29 13:29:57,21.5800,1,4316.0000,2,S,21.5800,21.5700,21.5600,21.5500,21.5400,21.6000,21.6600,21.6700,21.6800,21.6900,21,39,28,12,77,5,25,40,29,40
SZ,300446,2017-12-29 13:30:09,21.6000,1,10800.0000,5,B,21.5800,21.5700,21.5600,21.5500,21.5400,21.6600,21.6700,21.6800,21.6900,21.7000,21,39,28,12,77,25,40,29,40,26
SZ,300446,2017-12-29 13:30:45,21.6000,1,2160.0000,1,S,21.6000,21.5800,21.5700,21.5600,21.5500,21.6600,21.6700,21.6800,21.6900,21.7000,9,21,32,28,24,25,40,29,40,26
SZ,300446,2017-12-29 13:30:51,21.6000,1,2160.0000,1,S,21.6000,21.5800,21.5700,21.5600,21.5500,21.6600,21.6700,21.6800,21.6900,21.7000,8,21,32,28,24,25,40,29,40,26
SZ,300446,2017-12-29 13:31:42,21.6000,1,4320.0000,2,S,21.6000,21.5800,21.5700,21.5600,21.5500,21.6500,21.6600,21.6700,21.6800,21.6900,6,21,32,28,23,7,25,40,29,40
SZ,300446,2017-12-29 13:31:51,21.6000,1,2160.0000,1,S,21.6000,21.5800,21.5700,21.5600,21.5500,21.6500,21.6600,21.6700,21.6800,21.6900,5,21,32,28,23,7,25,40,29,40
SZ,300446,2017-12-29 13:32:15,21.6500,1,4330.0000,2,B,21.6000,21.5800,21.5700,21.5600,21.5500,21.6500,21.6600,21.6700,21.6800,21.6900,5,21,32,28,23,13,25,40,29,40
SZ,300446,2017-12-29 13:32:30,21.6000,1,2160.0000,1,S,21.6000,21.5800,21.5700,21.5600,21.5500,21.6500,21.6600,21.6700,21.6800,21.6900,4,21,32,28,23,13,31,40,29,40
SZ,300446,2017-12-29 13:32:51,21.6000,2,15120.0000,7,S,21.6000,21.5800,21.5700,21.5600,21.5500,21.6500,21.6600,21.6700,21.6800,21.6900,7,21,32,28,23,13,31,40,27,40
SZ,300446,2017-12-29 13:33:27,21.6000,1,4320.0000,2,S,21.6000,21.5800,21.5700,21.5600,21.5500,21.6300,21.6500,21.6600,21.6700,21.6800,5,21,32,28,23,2,13,31,40,21
SZ,300446,2017-12-29 13:33:51,21.5800,2,32380.0000,15,S,21.5800,21.5700,21.5600,21.5500,21.5400,21.6300,21.6500,21.6600,21.6700,21.6800,11,32,28,23,77,2,13,31,40,21
SZ,300446,2017-12-29 13:34:18,21.5800,2,12948.0000,6,S,21.5800,21.5700,21.5600,21.5500,21.5400,21.6300,21.6500,21.6600,21.6700,21.6800,5,32,28,28,77,2,13,31,40,21
SZ,300446,2017-12-29 13:34:27,21.5800,1,4316.0000,2,S,21.5800,21.5700,21.5600,21.5500,21.5400,21.6300,21.6500,21.6600,21.6700,21.6800,3,32,28,28,77,2,13,31,40,21
SZ,300446,2017-12-29 13:34:42,21.5800,1,2158.0000,1,S,21.5800,21.5700,21.5600,21.5500,21.5400,21.6300,21.6500,21.6600,21.6700,21.6800,2,32,28,28,77,2,13,31,40,21
SZ,300446,2017-12-29 13:34:51,21.5800,1,2158.0000,1,S,21.5800,21.5700,21.5600,21.5500,21.5400,21.6300,21.6500,21.6600,21.6700,21.6800,1,32,28,28,77,2,13,31,40,21
SZ,300446,2017-12-29 13:35:30,21.5800,1,2158.0000,1,S,21.5700,21.5600,21.5500,21.5400,21.5300,21.5800,21.6300,21.6500,21.6600,21.6700,32,28,28,77,37,1,2,13,31,40
SZ,300446,2017-12-29 13:35:36,21.5800,1,2158.0000,1,B,21.5700,21.5600,21.5500,21.5400,21.5300,21.6300,21.6500,21.6600,21.6700,21.6800,32,28,28,77,37,2,13,31,40,21
SZ,300446,2017-12-29 13:35:54,21.5700,1,69024.0000,32,S,21.5600,21.5500,21.5400,21.5300,21.5200,21.5700,21.6300,21.6500,21.6600,21.6700,28,28,77,37,46,25,2,13,31,40
SZ,300446,2017-12-29 13:36:06,21.5700,2,53925.0000,25,B,21.5600,21.5500,21.5400,21.5300,21.5200,21.6300,21.6500,21.6600,21.6700,21.6800,28,32,77,37,46,2,13,31,40,21
SZ,300446,2017-12-29 13:36:12,21.6600,5,54131.0000,25,B,21.5600,21.5500,21.5400,21.5300,21.5200,21.6600,21.6700,21.6800,21.6900,21.7000,28,32,77,37,46,21,40,21,40,26
SZ,300446,2017-12-29 13:36:15,21.5600,1,2156.0000,1,S,21.5600,21.5500,21.5400,21.5300,21.5200,21.6600,21.6700,21.6800,21.6900,21.7000,27,32,77,37,46,21,40,21,40,26
SZ,300446,2017-12-29 13:36:51,21.5700,1,2157.0000,1,B,21.5700,21.5600,21.5500,21.5400,21.5300,21.6500,21.6600,21.6700,21.6800,21.6900,4,27,32,77,37,60,21,40,21,40
SZ,300446,2017-12-29 13:37:03,21.5700,1,4314.0000,2,S,21.5700,21.5600,21.5500,21.5400,21.5300,21.6500,21.6600,21.6700,21.6800,21.6900,2,27,32,77,37,60,21,40,21,40
SZ,300446,2017-12-29 13:37:51,21.5600,2,10782.0000,5,S,21.5600,21.5500,21.5400,21.5300,21.5200,21.6400,21.6500,21.6600,21.6700,21.6800,24,59,77,37,46,14,60,21,40,21
SZ,300446,2017-12-29 13:38:00,21.5700,1,2157.0000,1,B,21.5600,21.5500,21.5400,21.5300,21.5200,21.6400,21.6500,21.6600,21.6700,21.6800,24,59,77,37,46,14,60,21,40,21
SZ,300446,2017-12-29 13:38:36,21.5600,2,36652.0000,17,S,21.5600,21.5500,21.5400,21.5300,21.5200,21.6200,21.6300,21.6400,21.6500,21.6600,7,40,77,37,46,3,14,14,60,21
SZ,300446,2017-12-29 13:38:48,21.5600,1,4312.0000,2,S,21.5600,21.5500,21.5400,21.5300,21.5200,21.6200,21.6400,21.6500,21.6600,21.6700,5,32,77,37,46,3,14,60,21,40
SZ,300446,2017-12-29 13:38:51,21.5500,2,15090.0000,7,S,21.5500,21.5400,21.5300,21.5200,21.5100,21.6200,21.6400,21.6500,21.6600,21.6700,30,77,37,46,38,3,14,60,21,40
SZ,300446,2017-12-29 13:39:24,21.6200,2,10810.0000,5,B,21.6200,21.5500,21.5400,21.5300,21.5200,21.6400,21.6500,21.6600,21.6700,21.6800,9,30,77,37,46,14,60,21,40,21
SZ,300446,2017-12-29 13:39:51,21.6200,1,2162.0000,1,S,21.6200,21.5500,21.5400,21.5300,21.5200,21.6400,21.6500,21.6600,21.6700,21.6800,8,30,77,37,46,14,60,21,40,21
SZ,300446,2017-12-29 13:40:06,21.6200,1,6486.0000,3,S,21.6200,21.5500,21.5400,21.5300,21.5200,21.6400,21.6500,21.6600,21.6700,21.6800,5,30,77,37,77,14,60,21,40,21
SZ,300446,2017-12-29 13:40:21,21.6200,1,2162.0000,1,S,21.6200,21.5500,21.5400,21.5300,21.5200,21.6400,21.6500,21.6600,21.6700,21.6800,4,30,77,37,77,14,60,21,40,21
SZ,300446,2017-12-29 13:40:48,21.6200,1,8648.0000,4,S,21.5500,21.5400,21.5300,21.5200,21.5100,21.6400,21.6500,21.6600,21.6700,21.6800,30,77,37,82,38,14,60,21,40,21
SZ,300446,2017-12-29 13:41:00,21.5500,1,4310.0000,2,S,21.5500,21.5400,21.5300,21.5200,21.5100,21.6300,21.6400,21.6500,21.6600,21.6700,28,77,37,82,38,10,14,60,21,40
SZ,300446,2017-12-29 13:41:12,21.5500,6,58185.0000,27,S,21.5500,21.5400,21.5300,21.5200,21.5100,21.6300,21.6400,21.6500,21.6600,21.6700,1,77,37,82,38,10,14,60,21,40
SZ,300446,2017-12-29 13:41:48,21.5500,1,2155.0000,1,S,21.5500,21.5400,21.5300,21.5200,21.5100,21.6300,21.6400,21.6500,21.6600,21.6700,5,77,37,82,38,20,14,60,21,40
SZ,300446,2017-12-29 13:41:51,21.5500,1,6465.0000,3,S,21.5500,21.5400,21.5300,21.5200,21.5100,21.6300,21.6400,21.6500,21.6600,21.6700,2,77,37,82,38,20,14,60,21,40
SZ,300446,2017-12-29 13:42:39,21.5500,1,4310.0000,2,S,21.5400,21.5300,21.5200,21.5100,21.5000,21.6200,21.6300,21.6400,21.6500,21.6600,77,37,82,38,76,5,20,14,60,21
SZ,300446,2017-12-29 13:42:51,21.5400,2,15083.0000,7,S,21.5400,21.5300,21.5200,21.5100,21.5000,21.6200,21.6300,21.6400,21.6500,21.6600,75,37,82,38,76,5,20,14,60,11
SZ,300446,2017-12-29 13:43:30,21.5500,1,2155.0000,1,S,21.5500,21.5400,21.5300,21.5200,21.5100,21.6200,21.6300,21.6400,21.6500,21.6600,11,75,37,82,38,5,20,14,60,11
SZ,300446,2017-12-29 13:43:51,21.5500,1,19395.0000,9,S,21.5500,21.5400,21.5300,21.5200,21.5100,21.6200,21.6300,21.6400,21.6500,21.6600,7,75,37,76,38,5,20,14,70,11
SZ,300446,2017-12-29 13:44:03,21.5500,2,15085.0000,7,S,21.5400,21.5300,21.5200,21.5100,21.5000,21.5500,21.6200,21.6300,21.6400,21.6500,75,37,76,38,82,5,5,20,14,70
SZ,300446,2017-12-29 13:44:18,21.5500,2,10775.0000,5,B,21.5500,21.5400,21.5300,21.5200,21.5100,21.6200,21.6300,21.6400,21.6500,21.6600,5,75,63,76,38,5,20,14,70,11
SZ,300446,2017-12-29 13:44:48,21.6300,3,54070.0000,25,B,21.6300,21.5600,21.5500,21.5400,21.5300,21.6400,21.6500,21.6600,21.6700,21.6800,25,50,10,75,37,14,70,11,40,21
SZ,300446,2017-12-29 13:44:51,21.6300,1,30282.0000,14,S,21.6300,21.5600,21.5500,21.5400,21.5300,21.6400,21.6500,21.6600,21.6700,21.6800,11,50,10,75,37,14,70,11,40,21
SZ,300446,2017-12-29 13:44:54,21.6300,1,4326.0000,2,S,21.6300,21.5700,21.5600,21.5500,21.5400,21.6400,21.6500,21.6600,21.6700,21.6800,9,10,50,10,75,14,70,11,40,21
SZ,300446,2017-12-29 13:45:09,21.6300,1,8652.0000,4,S,21.6300,21.5700,21.5600,21.5500,21.5400,21.6400,21.6500,21.6600,21.6700,21.6800,5,10,50,14,75,14,70,11,40,21
SZ,300446,2017-12-29 13:45:12,21.6300,1,10815.0000,5,S,21.5700,21.5600,21.5500,21.5400,21.5300,21.6300,21.6400,21.6500,21.6600,21.6700,10,50,14,75,37,4,14,70,11,40
SZ,300446,2017-12-29 13:45:51,21.5700,1,4314.0000,2,S,21.5700,21.5600,21.5500,21.5400,21.5300,21.6300,21.6400,21.6500,21.6600,21.6700,8,50,27,75,37,4,14,70,11,40
SZ,300446,2017-12-29 13:45:54,21.5700,1,2157.0000,1,S,21.5700,21.5600,21.5500,21.5400,21.5300,21.6300,21.6400,21.6500,21.6600,21.6700,7,50,27,75,37,4,14,70,11,40
SZ,300446,2017-12-29 13:46:27,21.5700,1,4314.0000,2,S,21.5700,21.5600,21.5500,21.5400,21.5300,21.6300,21.6400,21.6500,21.6600,21.6700,63,50,27,75,37,4,14,70,11,40
SZ,300446,2017-12-29 13:46:51,21.5800,1,10790.0000,5,S,21.5800,21.5700,21.5600,21.5500,21.5400,21.6300,21.6400,21.6500,21.6600,21.6700,15,73,50,23,75,4,14,70,11,40
SZ,300446,2017-12-29 13:47:51,21.5800,2,23738.0000,11,S,21.5800,21.5700,21.5600,21.5500,21.5400,21.6300,21.6400,21.6500,21.6600,21.6700,8,117,50,23,75,4,14,70,15,40
SZ,300446,2017-12-29 13:48:00,21.5800,1,4316.0000,2,S,21.5800,21.5700,21.5600,21.5500,21.5400,21.6300,21.6400,21.6500,21.6600,21.6700,6,107,50,23,75,4,14,70,15,40
SZ,300446,2017-12-29 13:48:51,21.5800,3,28054.0000,13,S,21.5800,21.5700,21.5600,21.5500,21.5400,21.6400,21.6500,21.6600,21.6700,21.6800,8,107,50,23,75,7,70,15,40,21
SZ,300446,2017-12-29 13:49:06,21.6500,4,166698.0000,77,B,21.6500,21.6300,21.5800,21.5700,21.5600,21.6600,21.6700,21.6800,21.6900,21.7000,73,7,10,107,50,15,40,21,81,26
SZ,300446,2017-12-29 13:49:36,21.6500,1,28145.0000,13,S,21.6500,21.6300,21.5800,21.5700,21.5600,21.6600,21.6700,21.6800,21.6900,21.7000,60,7,5,107,50,15,40,21,81,26
SZ,300446,2017-12-29 13:49:48,21.6500,1,2165.0000,1,S,21.6500,21.6300,21.5800,21.5700,21.5600,21.6600,21.6700,21.6800,21.6900,21.7000,59,7,5,102,50,10,30,21,81,26
SZ,300446,2017-12-29 13:49:51,21.6500,1,25980.0000,12,S,21.6500,21.6300,21.5800,21.5700,21.5600,21.6600,21.6700,21.6800,21.6900,21.7000,47,7,5,102,50,30,30,21,81,26
SZ,300446,2017-12-29 13:50:09,21.6500,1,21650.0000,10,S,21.6500,21.6300,21.5800,21.5700,21.5600,21.6600,21.6700,21.6800,21.6900,21.7000,37,7,5,102,50,30,30,21,81,26
SZ,300446,2017-12-29 13:50:21,21.6500,1,4330.0000,2,S,21.6500,21.6300,21.5800,21.5700,21.5600,21.6600,21.6700,21.6800,21.6900,21.7000,35,7,5,102,50,30,30,26,81,26
SZ,300446,2017-12-29 13:50:51,21.6500,1,32475.0000,15,S,21.6500,21.6300,21.5800,21.5700,21.5600,21.6600,21.6700,21.6800,21.6900,21.7000,20,7,5,102,50,30,30,26,81,26
SZ,300446,2017-12-29 13:50:54,21.6500,1,4330.0000,2,S,21.6500,21.6300,21.5800,21.5700,21.5600,21.6600,21.6700,21.6800,21.6900,21.7000,18,7,5,102,50,30,30,26,81,26
SZ,300446,2017-12-29 13:51:09,21.6500,1,2165.0000,1,S,21.6500,21.6300,21.5800,21.5700,21.5600,21.6600,21.6700,21.6800,21.6900,21.7000,17,7,5,102,50,30,30,26,81,26
SZ,300446,2017-12-29 13:51:42,21.6500,1,36805.0000,17,S,21.6300,21.5800,21.5700,21.5600,21.5500,21.6500,21.6600,21.6700,21.6800,21.6900,7,5,102,50,10,3,30,30,26,81
SZ,300446,2017-12-29 13:51:51,21.5800,2,21615.0000,10,S,21.5800,21.5700,21.5600,21.5500,21.5400,21.6500,21.6600,21.6700,21.6800,21.6900,2,102,50,10,75,3,30,30,26,81
SZ,300446,2017-12-29 13:52:03,21.5800,1,4316.0000,2,S,21.5700,21.5600,21.5500,21.5400,21.5300,21.6500,21.6600,21.6700,21.6800,21.6900,102,50,10,75,37,3,30,30,26,81
SZ,300446,2017-12-29 13:52:42,21.5800,1,2158.0000,1,S,21.5800,21.5700,21.5600,21.5500,21.5400,21.6500,21.6600,21.6700,21.6800,21.6900,4,102,50,10,75,3,30,30,26,81
SZ,300446,2017-12-29 13:52:51,21.5700,2,12946.0000,6,S,21.5700,21.5600,21.5500,21.5400,21.5300,21.6500,21.6600,21.6700,21.6800,21.6900,100,50,10,75,37,3,30,30,26,81
SZ,300446,2017-12-29 13:53:39,21.5700,1,4314.0000,2,S,21.5700,21.5600,21.5500,21.5400,21.5300,21.6600,21.6700,21.6800,21.6900,21.7000,103,50,10,75,37,30,30,46,81,26
SZ,300446,2017-12-29 13:53:51,21.5700,1,23727.0000,11,S,21.5700,21.5600,21.5500,21.5400,21.5300,21.6600,21.6700,21.6800,21.6900,21.7000,92,50,10,75,37,30,30,46,81,26
SZ,300446,2017-12-29 13:53:54,21.5700,1,4314.0000,2,S,21.5700,21.5600,21.5500,21.5400,21.5300,21.6600,21.6700,21.6800,21.6900,21.7000,90,50,10,75,37,30,30,46,81,26
SZ,300446,2017-12-29 13:54:27,21.5700,1,4314.0000,2,S,21.5700,21.5600,21.5500,21.5400,21.5300,21.6600,21.6700,21.6800,21.6900,21.7000,88,50,10,75,37,30,30,46,81,26
SZ,300446,2017-12-29 13:54:51,21.5700,1,28041.0000,13,S,21.5700,21.5600,21.5500,21.5400,21.5300,21.6600,21.6700,21.6800,21.6900,21.7000,75,50,10,75,37,30,30,46,81,26
SZ,300446,2017-12-29 13:55:03,21.5700,1,2157.0000,1,S,21.5700,21.5600,21.5500,21.5400,21.5300,21.6600,21.6700,21.6800,21.6900,21.7000,74,50,10,75,37,30,30,46,81,26
SZ,300446,2017-12-29 13:55:51,21.5700,2,36669.0000,17,S,21.5700,21.5600,21.5500,21.5400,21.5300,21.6600,21.6700,21.6800,21.6900,21.7000,92,50,10,75,37,30,30,46,81,26
SZ,300446,2017-12-29 13:56:51,21.5700,1,2157.0000,1,S,21.5700,21.5600,21.5500,21.5400,21.5300,21.6600,21.6700,21.6800,21.6900,21.7000,91,55,5,75,37,34,35,46,81,26
SZ,300446,2017-12-29 13:57:45,21.5800,1,4316.0000,2,S,21.5800,21.5700,21.5600,21.5500,21.5400,21.6500,21.6600,21.6700,21.6800,21.6900,5,94,55,5,75,2,34,35,46,81
SZ,300446,2017-12-29 13:57:51,21.5800,1,2158.0000,1,S,21.5800,21.5700,21.5600,21.5500,21.5400,21.6500,21.6600,21.6700,21.6800,21.6900,106,94,55,5,75,2,34,35,46,81
SZ,300446,2017-12-29 13:58:33,21.5800,1,4316.0000,2,S,21.5800,21.5700,21.5600,21.5500,21.5400,21.6600,21.6700,21.6800,21.6900,21.7000,104,94,55,5,75,34,38,46,81,26
SZ,300446,2017-12-29 13:58:51,21.5900,1,23749.0000,11,S,21.5900,21.5800,21.5700,21.5600,21.5500,21.6600,21.6700,21.6800,21.6900,21.7000,20,104,94,55,5,34,38,46,81,26
SZ,300446,2017-12-29 13:59:00,21.5900,1,2159.0000,1,S,21.5900,21.5800,21.5700,21.5600,21.5500,21.6600,21.6700,21.6800,21.6900,21.7000,19,104,94,55,5,34,38,46,81,26
SZ,300446,2017-12-29 13:59:51,21.6000,2,30240.0000,14,S,21.6000,21.5900,21.5800,21.5700,21.5600,21.6600,21.6700,21.6800,21.6900,21.7000,61,19,2,94,55,34,38,46,81,26
SZ,300446,2017-12-29 14:00:15,21.6000,1,32400.0000,15,S,21.6000,21.5900,21.5800,21.5700,21.5600,21.6600,21.6700,21.6800,21.6900,21.7000,46,102,2,94,55,34,38,46,81,26
SZ,300446,2017-12-29 14:00:45,21.6000,2,17281.0000,8,S,21.6000,21.5900,21.5800,21.5700,21.5600,21.6600,21.6700,21.6800,21.6900,21.7000,63,102,2,94,55,34,38,46,81,26
SZ,300446,2017-12-29 14:00:51,21.6000,1,32400.0000,15,S,21.6000,21.5900,21.5700,21.5600,21.5500,21.6100,21.6600,21.6700,21.6800,21.6900,48,102,69,55,5,1,34,38,46,81
SZ,300446,2017-12-29 14:00:57,21.6100,1,2161.0000,1,B,21.6000,21.5900,21.5700,21.5600,21.5500,21.6600,21.6700,21.6800,21.6900,21.7000,48,102,69,55,5,34,38,46,81,26
SZ,300446,2017-12-29 14:01:45,21.6200,1,4324.0000,2,S,21.6200,21.6100,21.6000,21.5900,21.5700,21.6600,21.6700,21.6800,21.6900,21.7000,1,82,81,102,69,34,38,46,81,26
SZ,300446,2017-12-29 14:01:48,21.6100,2,45382.0000,21,S,21.6100,21.6000,21.5900,21.5700,21.5600,21.6600,21.6700,21.6800,21.6900,21.7000,62,81,102,69,55,34,38,46,81,26
SZ,300446,2017-12-29 14:01:51,21.6200,1,2162.0000,1,B,21.6100,21.6000,21.5900,21.5700,21.5600,21.6600,21.6700,21.6800,21.6900,21.7000,62,81,102,69,55,34,38,46,81,26
SZ,300446,2017-12-29 14:02:00,21.6800,12,257863.0000,119,B,21.6800,21.6100,21.6000,21.5700,21.5600,21.6900,21.7000,21.7100,21.7200,21.7300,81,62,81,69,55,81,26,50,45,40
SZ,300446,2017-12-29 14:02:06,21.6800,1,2168.0000,1,S,21.6800,21.6200,21.6100,21.6000,21.5700,21.6900,21.7000,21.7100,21.7200,21.7300,80,102,62,81,69,81,26,50,45,40
SZ,300446,2017-12-29 14:02:09,21.6900,2,58563.0000,27,B,21.6800,21.6200,21.6100,21.6000,21.5700,21.6900,21.7000,21.7100,21.7200,21.7300,80,102,62,81,69,54,26,50,45,40
SZ,300446,2017-12-29 14:02:18,21.6900,4,23859.0000,11,B,21.6800,21.6200,21.6100,21.6000,21.5700,21.6900,21.7000,21.7100,21.7200,21.7300,80,102,62,81,64,43,26,50,45,40
SZ,300446,2017-12-29 14:02:30,21.6900,1,93267.0000,43,B,21.6900,21.6800,21.6200,21.6100,21.6000,21.7000,21.7100,21.7200,21.7300,21.7500,57,80,102,37,81,26,50,45,40,9
SZ,300446,2017-12-29 14:02:45,21.7000,5,54250.0000,25,B,21.6900,21.6800,21.6200,21.6100,21.6000,21.7000,21.7100,21.7200,21.7300,21.7500,57,80,102,37,81,1,50,45,40,9
SZ,300446,2017-12-29 14:02:51,21.6900,1,2169.0000,1,S,21.6900,21.6800,21.6200,21.6100,21.6000,21.7000,21.7100,21.7200,21.7300,21.7500,56,80,102,37,81,21,50,45,40,9
SZ,300446,2017-12-29 14:02:54,21.6900,1,4338.0000,2,S,21.6900,21.6800,21.6200,21.6100,21.6000,21.7000,21.7100,21.7200,21.7300,21.7500,54,80,102,37,81,21,50,45,40,9
SZ,300446,2017-12-29 14:03:09,21.6900,1,8676.0000,4,S,21.6900,21.6800,21.6300,21.6200,21.6100,21.7000,21.7100,21.7200,21.7300,21.7500,50,80,1,102,37,21,50,45,40,9
SZ,300446,2017-12-29 14:03:15,21.7000,2,46612.0000,21,B,21.7000,21.6900,21.6800,21.6300,21.6200,21.7100,21.7200,21.7300,21.7500,21.7700,1,50,80,1,102,50,45,40,9,2
SZ,300446,2017-12-29 14:03:42,21.7000,2,4340.0000,2,S,21.7000,21.6900,21.6800,21.6300,21.6200,21.7100,21.7200,21.7300,21.7500,21.7700,28,50,80,1,102,50,45,40,9,2
SZ,300446,2017-12-29 14:03:51,21.7000,1,6510.0000,3,S,21.7000,21.6900,21.6800,21.6300,21.6200,21.7100,21.7200,21.7300,21.7500,21.7700,25,50,80,1,102,50,45,40,9,2
SZ,300446,2017-12-29 14:03:54,21.7000,2,8680.0000,4,S,21.7000,21.6900,21.6800,21.6300,21.6200,21.7100,21.7200,21.7300,21.7500,21.7700,21,50,80,1,102,50,45,40,9,2
SZ,300446,2017-12-29 14:03:57,21.7000,1,4340.0000,2,S,21.7000,21.6900,21.6800,21.6300,21.6200,21.7100,21.7200,21.7300,21.7500,21.7700,19,50,80,3,102,50,45,40,9,2
SZ,300446,2017-12-29 14:04:00,21.7100,1,28223.0000,13,B,21.7000,21.6900,21.6800,21.6300,21.6200,21.7100,21.7200,21.7300,21.7500,21.7700,19,50,80,3,102,37,45,40,9,2
SZ,300446,2017-12-29 14:04:03,21.7300,7,264987.0000,122,B,21.7300,21.7000,21.6900,21.6800,21.6300,21.7500,21.7700,21.7800,21.7900,21.8000,78,19,50,80,3,9,2,19,25,24
SZ,300446,2017-12-29 14:04:18,21.7500,1,4350.0000,2,B,21.7300,21.7000,21.6900,21.6800,21.6300,21.7500,21.7700,21.7800,21.7900,21.8000,78,121,50,80,2,7,2,19,5,24
SZ,300446,2017-12-29 14:04:21,21.7500,1,2175.0000,1,B,21.7300,21.7000,21.6900,21.6800,21.6300,21.7500,21.7700,21.7800,21.7900,21.8000,78,121,50,80,2,6,2,19,5,24
SZ,300446,2017-12-29 14:04:30,21.7300,1,2173.0000,1,S,21.7300,21.7100,21.7000,21.6900,21.6800,21.7500,21.7700,21.7800,21.7900,21.8000,77,1,121,50,80,6,2,19,5,31
SZ,300446,2017-12-29 14:04:33,21.7500,2,13050.0000,6,B,21.7500,21.7300,21.7100,21.7000,21.6900,21.7700,21.7800,21.7900,21.8000,21.8500,4,77,1,121,50,2,19,5,31,3
SZ,300446,2017-12-29 14:04:39,21.7500,1,8700.0000,4,S,21.7300,21.7100,21.7000,21.6900,21.6800,21.7500,21.7700,21.7800,21.7900,21.8000,77,1,121,50,80,16,5,19,5,31
SZ,300446,2017-12-29 14:04:51,21.7300,2,17385.0000,8,S,21.7300,21.7100,21.7000,21.6900,21.6800,21.7500,21.7700,21.7800,21.7900,21.8000,70,1,121,50,80,16,5,19,5,31
SZ,300446,2017-12-29 14:04:54,21.7500,1,34800.0000,16,B,21.7300,21.7100,21.7000,21.6900,21.6800,21.7700,21.7800,21.7900,21.8000,21.8500,70,1,121,50,80,5,19,5,31,3
SZ,300446,2017-12-29 14:04:57,21.7800,6,26131.0000,12,B,21.7300,21.7100,21.7000,21.6900,21.6800,21.7500,21.7800,21.7900,21.8000,21.8500,70,6,121,50,80,1,12,5,31,3
SZ,300446,2017-12-29 14:05:03,21.7700,2,4352.0000,2,B,21.7500,21.7300,21.7100,21.7000,21.6900,21.7700,21.7800,21.7900,21.8000,21.8500,2,70,6,121,50,1,12,5,31,3
SZ,300446,2017-12-29 14:05:15,21.7600,1,17408.0000,8,B,21.7500,21.7300,21.7100,21.7000,21.6900,21.7700,21.7800,21.7900,21.8000,21.8500,4,70,6,121,50,16,12,5,31,3
SZ,300446,2017-12-29 14:05:18,21.7500,2,6525.0000,3,S,21.7500,21.7300,21.7100,21.7000,21.6900,21.7700,21.7800,21.7900,21.8000,21.8500,1,70,6,121,50,16,12,5,31,3
SZ,300446,2017-12-29 14:05:27,21.7600,2,15232.0000,7,S,21.7600,21.7500,21.7300,21.7200,21.7100,21.7700,21.7800,21.7900,21.8000,21.8400,3,1,70,10,6,16,12,5,31,5
SZ,300446,2017-12-29 14:05:33,21.7500,1,2175.0000,1,S,21.7300,21.7200,21.7100,21.7000,21.6900,21.7500,21.7600,21.7700,21.7800,21.7900,70,10,6,121,50,1,12,16,12,5
SZ,300446,2017-12-29 14:05:36,21.7600,3,21759.0000,10,B,21.7300,21.7100,21.7000,21.6900,21.6800,21.7600,21.7700,21.7800,21.7900,21.8000,70,6,102,50,80,3,16,12,5,35
SZ,300446,2017-12-29 14:05:39,21.7300,6,65308.0000,30,S,21.7500,21.7300,21.7100,21.7000,21.6900,21.7800,21.7900,21.8000,21.8400,21.8500,19,68,6,102,50,3,5,35,5,3
SZ,300446,2017-12-29 14:05:51,21.7500,1,36975.0000,17,S,21.7500,21.7400,21.7300,21.7100,21.7000,21.7600,21.7800,21.7900,21.8000,21.8400,2,4,68,6,110,20,3,5,35,5
SZ,300446,2017-12-29 14:06:00,21.7600,1,43520.0000,20,B,21.7500,21.7400,21.7300,21.7100,21.7000,21.7800,21.7900,21.8000,21.8400,21.8500,2,4,68,6,110,3,5,35,5,3
SZ,300446,2017-12-29 14:06:06,21.7900,2,17429.0000,8,B,21.7900,21.7500,21.7400,21.7300,21.7100,21.8000,21.8400,21.8500,21.8700,21.8800,20,2,4,68,6,35,5,3,10,132
SZ,300446,2017-12-29 14:06:12,21.7900,1,2179.0000,1,S,21.7900,21.7600,21.7500,21.7400,21.7300,21.8000,21.8400,21.8500,21.8700,21.8800,19,102,35,4,68,35,5,3,10,132
SZ,300446,2017-12-29 14:06:18,21.7900,1,6537.0000,3,S,21.7900,21.7600,21.7500,21.7400,21.7300,21.8000,21.8400,21.8500,21.8700,21.8800,16,102,35,4,68,35,5,3,10,132
SZ,300446,2017-12-29 14:06:21,21.8000,5,67580.0000,31,B,21.7900,21.7600,21.7500,21.7400,21.7300,21.8000,21.8400,21.8500,21.8700,21.8800,16,102,35,4,68,4,5,3,10,132
SZ,300446,2017-12-29 14:06:27,21.8400,2,15272.0000,7,B,21.7900,21.7700,21.7600,21.7500,21.7300,21.8400,21.8500,21.8700,21.8800,21.8900,16,1,102,35,68,2,3,10,132,12
SZ,300446,2017-12-29 14:06:48,21.7900,2,6541.0000,3,S,21.7900,21.7700,21.7600,21.7500,21.7300,21.8300,21.8400,21.8500,21.8600,21.8700,14,11,102,35,68,9,2,23,10,23
SZ,300446,2017-12-29 14:06:51,21.7900,2,6545.0000,3,S,21.7900,21.7700,21.7600,21.7500,21.7300,21.8300,21.8400,21.8500,21.8600,21.8700,13,11,102,35,68,7,2,38,10,23
SZ,300446,2017-12-29 14:07:06,21.8300,2,17464.0000,8,B,21.8000,21.7900,21.7700,21.7600,21.7500,21.8300,21.8400,21.8500,21.8600,21.8700,17,13,11,102,35,1,15,28,20,23
SZ,300446,2017-12-29 14:07:15,21.8300,1,2183.0000,1,B,21.8300,21.8000,21.7900,21.7700,21.7600,21.8400,21.8500,21.8600,21.8700,21.8800,12,17,13,11,102,20,28,20,23,137
SZ,300446,2017-12-29 14:07:18,21.8300,1,21830.0000,10,S,21.8300,21.8000,21.7900,21.7700,21.7600,21.8400,21.8500,21.8600,21.8700,21.8800,2,17,13,11,102,20,28,20,23,137
SZ,300446,2017-12-29 14:07:30,21.8400,5,26199.0000,12,B,21.8000,21.7900,21.7700,21.7600,21.7500,21.8400,21.8500,21.8600,21.8700,21.8800,17,13,11,102,35,25,28,20,23,137
SZ,300446,2017-12-29 14:07:36,21.8400,5,48048.0000,22,B,21.8000,21.7900,21.7700,21.7600,21.7500,21.8400,21.8500,21.8600,21.8700,21.8800,4,13,11,102,35,3,28,20,23,137
SZ,300446,2017-12-29 14:07:39,21.8000,1,2180.0000,1,S,21.8000,21.7900,21.7700,21.7600,21.7500,21.8400,21.8500,21.8600,21.8700,21.8800,3,13,11,102,33,3,28,20,23,137
SZ,300446,2017-12-29 14:07:42,21.8400,2,10920.0000,5,B,21.8400,21.8000,21.7900,21.7700,21.7600,21.8500,21.8600,21.8700,21.8800,21.8900,8,3,13,11,102,28,20,23,137,12
SZ,300446,2017-12-29 14:07:51,21.8400,1,8736.0000,4,S,21.8400,21.8000,21.7900,21.7700,21.7600,21.8500,21.8600,21.8700,21.8800,21.8900,14,5,13,11,102,28,20,73,137,12
SZ,300446,2017-12-29 14:07:54,21.8500,2,8740.0000,4,B,21.8400,21.8000,21.7900,21.7700,21.7600,21.8500,21.8600,21.8700,21.8800,21.8900,14,6,13,11,102,26,20,73,137,12
SZ,300446,2017-12-29 14:07:57,21.8400,3,30576.0000,14,S,21.8000,21.7900,21.7700,21.7600,21.7500,21.8400,21.8500,21.8600,21.8700,21.8800,6,13,11,102,33,1,26,20,73,137
SZ,300446,2017-12-29 14:08:00,21.8600,9,124554.0000,57,B,21.8600,21.8000,21.7900,21.7700,21.7600,21.8700,21.8800,21.8900,21.9000,21.9500,23,6,13,11,102,73,137,12,25,15
SZ,300446,2017-12-29 14:08:09,21.8600,2,19674.0000,9,S,21.8600,21.8000,21.7900,21.7700,21.7500,21.8700,21.8800,21.8900,21.9000,21.9500,14,10,13,12,33,73,137,12,25,15
